@incollection{Angelone2010,
	author = {Angelone, Erik},
	title = {Uncertainty, uncertainty management and metacognitive problem solving in the translation task},
	pages = {17–40},
	booktitle = {Translation and Cognition},
    editors = {Shreve, Gregory M. and  Angelone, Erik},
    publisher = {John Benjamins},
	year = {2010}
}

@techreport{prague_manual2006,
	author = {{Marie Mikulov{\'a} et al.}},
	institution = {{\'U}FAL MFF UK, Prague, Czech Republic},
	title = {Annotation on the tectogrammatical level in the {Prague Dependency Treebank}. {R}eference book},
	year = {2005}
}

@techreport{ontonotes4,
	author = {{Ralph Weischedel et al.}},
	institution = {Raytheon BBN Technologies et al.},
	title = {{{OntoNotes} Release 4.0, with {OntoNotes} DB Tool v.~0.999 beta}},
	url = \url{http://www.bbn.com/NLP/OntoNotes},
	xxauthor = {{Ralph Weischedel and Sameer Pradhan et al.}},
	year = {2010}
}

@techreport{Txurruka2000,
	author = {Vachek, Josef},
	booktitle = {Structuring information in discourse: {T}he explicit/implicit dimension},
	institution = { University of the Basque Country: ILCLI},
	publisher = {Indiana University Press},
	title = {The Linguistic School of Prague},
	year = {1966}
}

@techreport{PrasadEtAl2008,
	author = {Prasad, Rashmi and Dinesh, Nikhil and Lee, Alan and Miltsakaki, Eleni and  Robaldo, Livio and Joshi, Aravind and Webber, Bonnie},
	institution = {University of Pennsylvania: Institute for Research in Cognitive Science},
	title = {The {Penn} Discourse {Treebank 2.0}. {Technical} Report, {{IRCS-}08-02}},
	year = {2008}
}

@techreport{Mossop2003,
	address = {Toronto},
	author = {Mossop, Brian},
	institution = {York University},
	title = {An Alternative to ‘Deverbalization’},
	url = {http://www.yorku.ca/brmossop/Deverbalization.htm},
	year = {2003}
}

@techreport{Mann1987,
	address = {Los Angeles},
	author = {Mann, William C. and Thompson, Sandra A.},
	institution = {C.A.: ISI},
	title = {Rhetorical Structure Theory. {A} theory of text organization. {Technical} report, {{ISI/RS}}-87-190},
	year = {1987}
}

@techreport{Hobbs1985,
	author = {Hobbs, Jerry R.},
	institution = {Stanford University: Center for the Study of Language and Information},
	title = {On the coherence and structure of discourse. {R}eport {No}. {{C}SLI-}85-37},
	year = {1985}
}

@techreport{DorrEtAl1998,
	author = {Dorr, Bonnie J. and Jordan, Pamela W. and Benoit, John W.},
	institution = {University of Maryland, College Park},
	note = {Technical report},
	title = {A Survey of Current Paradigms in Machine Translation},
	year = {1998}
}

@phdthesis{mueller:2008:Diss,
	author = {M\"uller, Christoph},
	school = {University of T\"ubingen},
	title = {Fully Automatic Resolution of 'it', 'this', and 'that' in Unrestricted {Multi-Party} Dialog},
	year = {2008}
}

@phdthesis{becher11,
	author = {Viktor Becher},
	date-modified = {2012-05-28 09:37:33 +0000},
	school = {Universit\"at Hamburg},
	title = {Explicitation and Implicitation in Translation: {A} Corpus-based Study of {{{English}--German} and German--{English}} Translations of Business Texts},
	year = {2011}
}

@phdthesis{Thunes2011,
	author = {Thunes, Martha},
	institution = {University of Bergen},
	title = {Complexity in Translation. {A}n {{English}-Norwegian} Study of Two Text Types},
	url = {http:https://bora.uib.no/ handle/1956/5179},
	year = {2011}
}

@phdthesis{Macken2010,
	address = {Antwerp},
	author = {Macken, Lieve},
	publisher = {University Press Antwerp},
	title = {Sub-sentential alignment of translational correspondences},
	year = {2010}
}

@phdthesis{Jensen2011,
	address = {Copenhagen},
	author = {Jensen, Hvelplund, K. T.},
	school = {Copenhagen Business School},
	title = {Allocation of cognitive resources in translation: {A}n eye-tracking and key-logging study},
	year = {2011}
}

@phdthesis{Elgemarkfc,
	author = {Elgemark, Anna},
	institution = {University of Gothenburg},
	note = {Doctoral dissertation},
	title = {{To} the Very End.  {A} Study of {{N-Rhemes}} in {English} and {Swedish} Translations},
	year = {in progress}
}

@phdthesis{Azevedofc,
	address = {Florianópolis},
	author = {Azevedo, Flávia},
	institution = {Federal University of Santa Catarina},
	note = {Doctoral dissertation},
	title = {Investigating the problem of codifying linguistic knowledge in two translations of {Shakespeare}’s sonnets: {A} corpus-based study},
	year = {in print}
}

@misc{navarretta+olsen09_annotationManual.techRep.pdf,
	annotate = {Costanza Navarretta and Sussi Olsen. The annotation of pronominal abstract anaphora in Danish texts and dialogues. DAD report 1. Centre for Language Technology, University of Copenhagen. January 2009.},
	author = {Costanza Navarretta and Sussi Olsen},
	howpublished = {DAD report 1. Centre for Language Technology, University of Copenhagen},
	title = {The annotation of pronominal abstract anaphora in {D}anish texts and dialogues},
	year = {2009}
}

@misc{gundel_coding06,
	annotate = {Jeanette Gundel and Nancy Hedberg and Ron Zacharski (2006). Coding protocol for statuses on the Givenness Hierarchy. Unpublished manuscript (1993/2006). \url{http://www.sfu.ca/~hedberg/Coding_for_Cognitive_Status.pdf}},
	author = {Jeanette K.~Gundel and Nancy Hedberg and Ron Zacharski},
	howpublished = {Unpublished manuscript (1993/2006). \url{http://www.sfu.ca/~hedberg/Coding_for_Cognitive_Status.pdf}},
	title = {Coding protocol for statuses on the {Givenness Hierarchy}},
	year = {2006}
}

@misc{guidelines,
	author = {Stefanie Dipper and Heike Zinsmeister},
	howpublished = {Draft},
	note = {Universities of Bochum and Konstanz},
	title = {Annotation Guidelines {``{Discourse-Deictic} Anaphora''}},
	year = {2009}
}

@misc{gnome00,
	author = {Massimo Poesio},
	note = {4th version. \url{http://cswww.essex.ac.uk/Research/nle/corpora/GNOME/anno_manual_4.htm}},
	title = {The {{GNOME}} annotation scheme manual},
	year = {2000}
}

@misc{fraurud92,
	annotate = {Fraurud, K. (1992a). Situation Reference: What Does 'It' Refer To?. GAP Working Paper No 24, Fachbereich Informatik, Universit\"at Hamburg.},
	author = {Kari Fraurud},
	howpublished = {GAP Working Paper No 24, Fachbereich Informatik, Universit\"a{\^A}¤t Hamburg},
	title = {Situation Reference: {W}hat Does 'It' Refer {To}?},
	year = {1992}
}

@misc{benettPartee72,
	author = {Michael Bennett and Barbara H. Partee},
	howpublished = {Distributed by Indiana University Linguistics Club},
	title = {{Toward the logic of Tense and Aspect in {English}}},
	year = {1972}
}

@misc{ZfS2009,
	address = {Cambridge},
	author = {Abbott, H. Porter},
	publisher = {Cambridge University Press},
	title = {Linguistic data: {A}cquisition – evaluation – theoretical implications},
	year = {2002}
}

@misc{TeichEtAl2008,
	booktitle = {{Workshop Linguistic Processing Pipelines. 10, {{July}} 2008, {Darmstadt}, {Germany}}},
	editor = {Teich, Elke and Eckart, Richard and Holtz,  Monica},
	institution = {Technische Universität Darmstadt}},
	title = {{Workshop Linguistic Processing Pipelines. 10, {{July}} 2008, {Darmstadt}, {Germany}}},
	url = {http://www.linglit.tu-darmstadt.de/index.php?id=abstracts},
	year = {2008}
}

@misc{Merkel1999,
	author = {Merkel, Magnus},
	institution = {Linköping University},
	note = {Dissertation No. 607},
	series = {Linköping Studies in Science and Technology},
	title = {Understanding and enhancing translation by parallell text processing},
	year = {1999}
}

@misc{Hegarty2003a,
	author = {Michael Hegarty},
	howpublished = {Presentation at the First International Workshop on Current Researchin the Semantics-Pragmatics Interface, Michigan State University},
	title = {Type shifting of Entities in Discourse},
	year = {2003}
}

@misc{Goecke:Coreference:2008,
	annotate = {%Internal Report of the DFG-Research Group 437 ``Text-technological Modelling of Information''},
	author = {Daniela Goecke and Anke Holler and Maik St\"uhrenberg},
	bdsk-url-1 = {/Texttechnologie/Forschergruppe/publications/a2_annotation_guidelines-en.pdf},
	note = {Technical Report, University of Bielefeld},
	title = {Coreference, Cospecification and Bridging: {A}nnotation Scheme},
	url = {/Texttechnologie/Forschergruppe/publications/a2_annotation_guidelines-en.pdf},
	year = {2008}
}

@misc{Dyvik2003,
	author = {Dyvik, Helge},
	institution = {University of Bergen},
	note = {(last accessed on 22 June 2012)},
	title = {Translations as a Semantic Knowledge Source. {Unpublished} manuscript},
	url = {http://www.hf.uib.no/i/LiLi/SLF/ans/ Dyvik/transknow.pdf},
	year = {2003}
}

@misc{Dyvik1993,
	author = {Dyvik, Helge},
	institution = {University of Bergen},
	note = {Unpublished manuscript},
	title = {Text Pair Mapper},
	year = {1993}
}

@misc{Byron2003,
	author = {Donna K.~Byron},
	note = {Technical Report, University of Rochester},
	title = {Annotation of Pronouns and their Antecedents: {A} comparison of two domains},
	year = {2003}
}

@mastersthesis{recasens:08:ma,
	annotate = {Recasens, M. (2008) Towards Coreference Resolution for Catalan and Spanish. Master Thesis. University of Barcelona.},
	author = {Marta Recasens},
	school = {University of Barcelona},
	title = {Towards Coreference Resolution for {C}atalan and {S}panish},
	year = {2008}
}

@mastersthesis{Tucunduva2007,
	address = {Florianópolis},
	author = {Tucunduva, Camila de Andrade},
	institution = {Federal University of Santa Catarina},
	title = {Translating completeness: {A} corpus-based approach},
	year = {2007}
}

@mastersthesis{Silva2008,
	address = {Florianópolis},
	author = {Silva, Norma Andrade da},
	institution = {Federal University of Santa Catarina},
	title = {Análise da tradução do item lexical \emph{evidence} para o português com base em um corpus jurídico},
	year = {2008}
}

@mastersthesis{Johnsen2010,
	author = {Johnsen, Åshild},
	institute = {University of Oslo},
	title = {Forstå det den som kan. {Semantisk} modellering av juridisk regelverk med bruk av {SBVR} — en brobygger mellom jus og {IT}},
	year = {2010}
}

@manual{burnard95:_britis_nation_corpus,
	author = {Burnard, Lou},
	organization = {British National Corpus Consortium, Oxford                   University Computing Services},
	title = {User's Guide for the {\{{British} National Corpus\}}},
	year = 1995
}

@inproceedings{webber88,
	author = {{Bonnie L.} Webber},
	booktitle = {{Proceedings of the {ACL-}88 conference}},
	pages = {113--122},
	title = {Discourse deixis: {R}eference to discourse segments},
	year = {1988}
}

@inproceedings{vieiraEtAl02,
	author = {Renata Vieira and Susanne Salmon-Alt and Caroline Gasperin},
	booktitle = {{Proceedings of {DAARC-}2002: 4th Discourse Anaphora and Anaphora Resolution Colloquium}},
	title = {Coreference and anaphoric relations of demonstrative noun phrases in a multilingual corpus},
	xxxauthor = {Renata Vieira and Susanne Salmon-Alt and Caroline Gasperin and Emmanuel Schang and Gabriel Othero},
	year = {2002}
}

@inproceedings{vanHalteren08,
	author = {{Hans van} Halteren},
	booktitle = {{Proceedings of the 22nd International Conference on Computational Linguistics {COLING}~08}},
	pages = {937--944},
	title = {Source language markers in {{EUROPARL}} translations},
	year = {2008}
}

@inproceedings{ter,
	address = {Cambridge, MA},
	author = {Snover, Matthew and Dorr, Bonnie and Schwartz,                   Richard and Micciulla, Linnea and Makhoul, John },
	booktitle = {{Proceedings of {AMTA}}},
	pages = {223--231},
	title = {A Study of Translation Edit Rate with Targeted Human                   Annotation},
	year = {2006}
}

@inproceedings{strube-muller:2003:ACL,
	author = {Michael Strube and Christoph M\"{u}ller},
	bdsk-url-1 = {http://www.aclweb.org/anthology/P03-1022},
	bdsk-url-2 = {http://dx.doi.org/10.3115/1075096.1075118},
	booktitle = {{Proceedings of the {ACL-}03 conference}},
	doi = {10.3115/1075096.1075118},
	month = {July},
	pages = {168--175},
	title = {A Machine Learning Approach to Pronoun Resolution in Spoken Dialogue},
	url = {http://www.aclweb.org/anthology/P03-1022},
	year = {2003}
}

@inproceedings{salmon-alt+romary04_referenceAnnotationFramework.lrec.pdf,
	annotate = {% address = {Lisbon, Portugal}, ABSTRACT: This paper discusses the main characteristics of a possible unified framework for specifying annotation schemes dedicated to the task of reference identification and linking on linguistic corpora. Built upon the foundation principles of the Linguistic Annotation Framework, the model (RAF, Reference Annotation Framework) is based on the combination of a simple meta-model (expressing markables and links between them) and a selection of data categories representing the information actually attached to each component of the meta-model. Based on the observation of existing practices we show how this model can be used in a variety of practical and theoretical configurations.},
	author = {Susanne Salmon-Alt and Laurent Romary},
	booktitle = {{Proceedings of {LREC-}04}},
	title = {{{RAF}}: {T}owards a Reference Annotation Framework.},
	year = {2004}
}

@inproceedings{recasensEtAl07_corefence.ranlp.pdf,
	annotate = {% address = {Borovets, Bulgaria}, Marta Recasens, M. Ant{\`o}nia Mart{\'\i} and Mariona Taul{\'e}. 2007. Where Anaphora and Coreference Meet. Annotation in the Spanish CESS-ECE Corpus. In Proceedings of the 6th International Conference on Recent Advances in Natural Language Processing (RANLP2007), Borovets, Bulgaria, 504-509.},
	author = {Marta Recasens and M.~Ant{\`o}nia Mart{\'\i} and Mariona Taul{\'e}},
	booktitle = {{Proceedings of {RANLP-}07}},
	pages = {504--509},
	title = {Where Anaphora and Coreference Meet. {A}nnotation in the {{Spanish} {CESS-ECE} Corpus}},
	year = {2007}
}

@inproceedings{recasens08,
	author = {Marta Recasens},
	booktitle = {{Proceedings of the Second Workshop on Anaphora Resolution}},
	pages = {73--82},
	title = {Discourse Deixis and Coreference: {{E}}vidence from {{AnCora}}},
	year = {2008}
}

@inproceedings{passonneau89,
	author = {Rebecca J. Passonneau},
	booktitle = {{Proceedings of the 27th Annual Meeting of the Association for Computational Linguistics}},
	title = {Getting at Discourse Referents},
	year = {1989}
}

@inproceedings{palmer-EtAl:2007:ACLMain,
	author = {Palmer, Alexis and Ponvert, Elias and Baldridge, Jason and Smith, Carlota},
	bdsk-url-1 = {http://www.aclweb.org/anthology/P07-1113},
	booktitle = {{Proceedings of the {ACL-}07 conference}},
	month = {June},
	pages = {896--903},
	title = {A Sequencing Model for Situation Entity Classification},
	url = {http://www.aclweb.org/anthology/P07-1113},
	year = {2007}
}

@inproceedings{ng:2010:ACL,
	address = {Uppsala, Sweden},
	author = {Ng, Vincent},
	bdsk-url-1 = {http://www.aclweb.org/anthology/P10-1142},
	booktitle = {{Proceedings of the 48th Annual Meeting of the Association for Computational Linguistics}},
	month = {July},
	pages = {1396--1411},
	publisher = {Association for Computational Linguistics},
	title = {Supervised {Noun} Phrase Coreference Research: {T}he First Fifteen Years},
	url = {http://www.aclweb.org/anthology/P10-1142},
	year = {2010}
}

@inproceedings{navarretta:2004:ACLrefres,
	author = {Navarretta, Costanza},
	booktitle = {{Proceedings of the {ACL} Workshop on Reference Resolution and its Applications}},
	editor = {Sanda Harabagiu and David Farwell},
	pages = {95--102},
	title = {An Algorithm for Resolving Individual and Abstract Anaphora in {D}anish Texts and Dialogues},
	year = {2004}
}

@inproceedings{navarretta:2000:SIGDIAL,
	author = {Costanza Navarretta},
	bdsk-url-1 = {http://www.aclweb.org/anthology/W00-1007},
	bdsk-url-2 = {http://dx.doi.org/10.3115/1117736.1117743},
	booktitle = {1st {SIGdial} {Workshop on Discourse and Dialogue}},
	doi = {10.3115/1117736.1117743},
	pages = {56--65},
	title = {Abstract Anaphora Resolution in {D}anish},
	url = {http://www.aclweb.org/anthology/W00-1007},
	year = {2000}
}

@inproceedings{navarretta08,
	author = {Costanza Navarretta},
	booktitle = {{Proceedings of the Second Workshop on Anaphora Resolution}},
	pages = {63--71},
	title = {Pronominal types and abstract reference in the {Danish} and {{Italian}} {{DAD}} Corpora},
	year = {2008}
}

@inproceedings{navarretta07,
	author = {Costanza Navarretta},
	booktitle = {{Proceedings of {DAARC-}2007: 6th Discourse Anaphora and Anaphora Resolution Colloquium}},
	pages = {103--109},
	title = {A contrastive analysis of the use of abstract anaphora},
	year = {2007}
}

@inproceedings{navarretta+olsen08,
	annotate = {% address = {Marrakech, Morocco},},
	author = {Costanza Navarretta and Sussi Olsen},
	booktitle = {{Proceedings of {LREC-}08}},
	title = {Annotating Abstract Pronominal Anaphora in the {{DAD}} Project},
	year = {2008}
}

@inproceedings{muller:2007:ACLMain,
	author = {M\"uller, Christoph},
	bdsk-url-1 = {http://www.aclweb.org/anthology/P07-1103},
	booktitle = {{Proceedings of {ACL-}07 conference}},
	date-modified = {2012-01-28 16:49:37 +0100},
	pages = {816--823},
	title = {Resolving {\it it}, {\it this}, and {\it that} in Unrestricted {Multi-Party} Dialog},
	year = {2007}
}

@inproceedings{muc7,
	annote = { Hirschman, Lynette and Nancy Chinchor. 1997. MUC-7 coreference task definition (version 3.0). In MUC-7 Proceedings. Science Applications International Corporation. See www.muc.saic.com. },
	author = {Lynette Hirschman and Nancy Chinchor},
	booktitle = {{Proceedings of the 7th Message Understanding Conference {MUC-}7}},
	publisher = {Science Applications International Corporation},
	title = {{{MUC-}7} coreference task definition (version 3.0)},
	year = {1997}
}

@inproceedings{mateGnome_anaphora,
	annotate = {Massimo Poesio. 2004. The MATE/GNOME proposals for anaphoric annotation, revisited. In Michael Strube and Candy Sidner, editors, Proceedings of the 5th SIGdial Workshop on Discourse and Dialogue, pages 154-162, Cambridge, Massachusetts, April-May. Association for Computational Linguistics.},
	author = {Massimo Poesio},
	booktitle = {{Proceedings of the 5th {SIGdial} Workshop on Discourse and Dialogue}},
	pages = {154--162},
	title = {The {{MATE/GNOME}} proposals for anaphoric annotation, revisited},
	year = {2004}
}

@inproceedings{mate00,
	author = {Massimo Poesio},
	booktitle = {{{MATE}} Dialogue Annotation Guidelines},
	editor = {Andreas Mengel et al.},
	note = {\url{http://www.ims.uni-stuttgart.de/projekte/mate/mdag}},
	title = {Coreference},
	year = {2000}
}

@inproceedings{lrec_ws10,
	author = {Stefanie Dipper and Heike Zinsmeister},
	booktitle = {{Proceedings of the {LREC-Workshop} Language Resource and Language Technology Standards ---- state of the art, emerging needs, and future developments}},
	title = {Towards a standard for annotating abstract anaphora},
	year = {2010}
}

@inproceedings{law09,
	annotate = {Abstract: In this paper, we present preliminary work on corpus-based anaphora resolution of discourse deixis in German. Our annotation guidelines provide linguistic tests for locating the antecedent, and for determining the semantic types of both the antecedent and the anaphor. The corpus consists of selected speaker turns from the Europarl corpus.},
	author = {Stefanie Dipper and Heike Zinsmeister},
	booktitle = {{Proceedings of {LAW~III}}},
	pages = {166--169},
	title = {Annotating Discourse Anaphora},
	year = {2009}
}

@inproceedings{koehn05,
	author = {Philipp Koehn},
	booktitle = {{Proceedings of {MT} Summit}},
	title = {Europarl: {A} Parallel Corpus for Statistical Machine Translation},
	year = {2005}
}

@inproceedings{hedbergEtAl07,
	author = {Nancy Hedberg and Jeanette K. Gundel and Ron Zacharski},
	booktitle = {{Proceedings of {DAARC-}2007: 6th Discourse Anaphora and Anaphora Resolution Colloquium}},
	pages = {31--36},
	title = {Directly and indirectly anaphoric demonstrative and personal pronouns in newspaper articles},
	year = {2007}
}

@inproceedings{gundelEtAl04,
	annotate = {Gundel, Jeanette K., Nancy Hedberg and Ron Zacharski. 2004. Demonstrative Pronouns in Natural Discourse. Paper presented at DAARC-2004 (the Fifth Discourse Anaphora and Anaphora Resolution Colloquium), Sao Miguel, Portugal. Gundel, J.K., Hedberg, N. and Zacharski, R. (2005). Pronouns without NP Antecedents: How do we know when a pronoun is referential? In Antonio Branco, Tony McEnery and Ruslan Mitkov (eds.). Anaphora Processing: Linguistic, Cognitive and Computational Modelling. John Benjamins. 351-364.},
	author = {Jeanette K.~Gundel and Nancy Hedberg and Ron Zacharski},
	booktitle = {{Proceedings of {DAARC-}2004: 5th Discourse Anaphora and Anaphora Resolution Colloquium}},
	pages = {81--86},
	title = {Demonstrative pronouns in natural discourse},
	year = {2004}
}

@inproceedings{culo:et:al2008,
	address = {Marrakesh, Morocco},
	author = {Oliver Čulo and Silvia Hansen-Schirra and Stella Neumann and Mihaela Vela},
	booktitle = {{Proceedings of the {LREC} Workshop on Comparable Corpora}},
	pages = {47--51},
	title = {{E}mpirical Studies on Language Contrast Using the {{{E}}nglish-{G}}erman Comparable and Parallel {CroCo} Corpus},
	year = {2008}
}

@inproceedings{constenKnees05,
	annotate = {% address = {Amsterdam: University}},
	author = {Manfred Consten and Mareile Knees},
	booktitle = {{Proceedings of the 15th {Amsterdam} Colloquium}},
	editor = {P. Dekker},
	title = {Complex Anaphors --- Ontology and Resolution},
	year = {2005}
}

@inproceedings{cartoni11,
	annote = { How Comparable are Parallel Corpora? Measuring the Distribution of General Vocabulary and Connectives. Proceedings of BUCC 2011 (4th Workshop on Building and Using Comparable Corpora, at ACL-HLT 2011), Portland, OR, p.78-86. },
	author = {Bruno Cartoni and Sandrine Zufferey and Thomas Meyer and Andrei Popescu-Belis},
	booktitle = {{Proceedings of 4th Workshop on Building and Using Comparable Corpora, at {ACL-HLT} 2011}},
	pages = {78--86},
	title = {How Comparable are Parallel Corpora? {M}easuring the Distribution of General Vocabulary and Connectives},
	year = {2011}
}

@inproceedings{artstein+poesio06,
	annotate = {Abstract: In two experiments, many annotators marked antecedents for discourse deixis as unconstrained regions of text. The experiments show that annotators do converge on the identity of these text regions, though much of what they do can be captured by a simple model. Demonstrative pronouns are more likely than definite descriptions to be marked with discourse antecedents. We suggest that our methodology is suitable for the systematic study of discourse deixis.},
	author = {Ron Artstein and Massimo Poesio},
	booktitle = {{Proceedings of Brandial 2006}},
	owner = {macuser},
	timestamp = {2008.12.10},
	title = {Identifying reference to abstract objects in dialogue},
	year = {2006}
}

@inproceedings{arrau08,
	annotate = {% address = {Marrakech, Morocco},},
	author = {Massimo Poesio and Ron Artstein},
	booktitle = {{Proceedings of {LREC-}08}},
	title = {Anaphoric annotation in the {{ARRAU}} corpus},
	year = {2008}
}

@inproceedings{anonymous,
	author = {Anonymous},
	booktitle = {{Proceedings of Anonymous}},
	title = {Anonymous},
	year = {2010}
}

@inproceedings{Wu:1994:VSL:981732.981751,
	author = {Wu, Zhibiao and Palmer, Martha},
	booktitle = {{Proceedings of the 32nd annual meeting on                   Association for Computational Linguistics}},
	location = {Las Cruces, New Mexico},
	pages = {133--138},,
	title = {Verb Semantics and Lexical Selection},
	year = {1994}
}

@inproceedings{TreeTagger,
	annote = {Probabilistic Part-of-Speech Tagging Using Decision Trees. Proceedings of International Conference on New Methods in Language Processing. September 1994.},
	author = {Helmut Schmid},
	booktitle = {{Proceedings of International Conference on New Methods in Language Processing}},
	title = {Probabilistic {Part-of-Speech} Tagging Using Decision Tree},
	year = {1994}
}

@inproceedings{Thunes1998,
	address = {Amsterdam and Atlanta},
	author = {Thunes, Martha},
	booktitle = {Corpora and Cross-linguistic Research: {Theory}, Method, and Case Studies},
	editor = {Johansson, Stig and Oksefjell, Signe},
	number = {24},
	pages = {25--50},
	publisher = {Rodopi},
	series = {Language and Computers: {Studies} in Practical Linguistics},
	title = {Classifying translational correspondences},
	year = {1998}
}

@inproceedings{Specia2011,
	address = {Leuven, Belgium},
	author = {Specia, Lucia},
	booktitle = {{Proceedings of the 15th {Conference} of the {{European} Association} for {Machine Translation}}},
	editor = {Forcada, Mikel L. and Depraetere, Heidi and Vandeghinste, Vincent},
	pages = {73–80},
	title = {Exploiting Objective Annotations for Measuring Translation Post-editing Effort},
	year = {2011}
}

@inproceedings{PradhanEtAl2007,
	author = {Pradhan, Sameer and Ward, Wayne and Martin, James},
	bdsk-url-1 = {http://www.aclweb.org/anthology/N/N07/N07-1070},
	booktitle = {{Proceedings of {NAACL} HLT-7}},
	pages = {556--563},
	title = {Towards Robust Semantic Role Labeling},
	url = {http://www.aclweb.org/anthology/N/N07/N07-1070},
	year = {2007}
}

@inproceedings{Pradhan2007,
	author = {Sameer Pradhan and Lance Ramshaw and Ralph Weischedel and Jessica MacBride and Linnea Micciulla},
	booktitle = {{Proceedings of the {IEEE-ICSC}}},
	title = {Unrestricted Coreference: {I}dentifying Entities and Events in {{OntoNotes}}},
	year = {2007}
}

@inproceedings{Passonneau2004,
	annotate = {% address = {Lisbon, Portugal},},
	author = {{Rebecca L.} Passonneau},
	booktitle = {{Proceedings of {LREC-}04}},
	title = {Computing reliability for coreference annotations},
	year = {2004}
}

@inproceedings{KucovaHajicova2004,
	annotate = {Lucie Ku{\v c}ov{\'a}, Eva Haji{\v c}ov{\'a}: "Coreferential Relations in the Prague Dependency Treebank". In: (ed.): Proceedings of the 5th International Conference on Discourse Anaphora and Anaphor Resolution 2004, San Miguel, Azores, Sept. 23-24, 2004, 2005, pp. 94-102.},
	author = {Lucie Ku\v{c}ov\'{a} and Eva Haji\v{c}ov\'{a}},
	booktitle = {{Proceedings of {DAARC-}2004: 5th Discourse Anaphora and Anaphora Resolution Colloquium}},
	pages = {97--102},
	title = {{Coreferential Relations in the {Prague Dependency Treebank}}},
	year = {2004}
}

@inproceedings{KoehnETAL:07,
	address = {Prague, Czech Republic},
	author = {Philipp Koehn and Hieu Hoang and Alexandra Birch and                   Chris Callison-Birch and Marcello Federico and                   Nicola Bertoldi and Brooke Cowan and Wade Shen and                   Christine Moran and Richard Zens and Chris Dyer and                   Ondrej Bojar and Alexandra Constantin and Evan                   Herbst},
	booktitle = {{Proceedings of the {{ACL}} 2007 Demo and Poster                   Sessions}},
	title = {Moses: {O}pen Source Toolkit for Statistical Machine                   Translation},
	year = {2007}
}

@inproceedings{Kameyama1991,
	address = {Berkeley, California},
	author = {Kameyama, Megumi and Ochitani, Ryo and Peters, Stanley},
	booktitle = {{Proceedings of the 29th {Annual Meeting} of the {{ACL}}}},
	pages = {193–200},
	title = {Resolving translation mismatches with information flow},
	year = {1991}
}

@inproceedings{JohnsenBerre2010,
	address = {Brixen, Italy},
	author = {Johnsen, Åshild and Berre, Arne-Jørgen},
	booktitle = {{Proceedings of {{BuRO}} 2010: 1st {International Workshop} on {Business Models}, {Business Rules} and {Ontologies}}},
	editor = {Eiter, T. and Ghali, A. and Fernàndez, S.  and Heymans, S. and Krennwallner, T. and Levy, F.},
	pages = {29–39},
	title = {A Bridge between Legislator and Technologist — {Formalization} in {{SBVR}} for Improved Quality and Understanding of Legal Rules},
	year = {2010}
}

@inproceedings{Hasselgård1998,
	address = {Amsterdam and Atlanta},
	author = {Hasselgård, Hilde},
	booktitle = {Corpora and Cross-linguistic Research: {Theory}, Method, and Case Studies},
	editor = {Johansson, Stig and Oksefjell, Signe},
	number = {24},
	pages = {145–167},
	publisher = {Rodopi},
	series = {Language and Computers: {Studies} in Practical Linguistics},
	title = {Thematic structure in translation between {{English}} and {Norwegian}},
	year = {1998}
}

@inproceedings{Hasselgård1996,
	address = {Lund},
	author = {Hasselgård, Hilde},
	booktitle = {Languages in Contrast. {Papers} from a {{Symposium} on {Text-based Cross-linguistic Studies}. {{Lund}} 4–5 {March} 1994}},
	editor = {Aijmer, Karin and Aijmer, Bengt and Johansson, Mats},
	number = {88},
	pages = {113–126},
	publisher = {Lund University Press},
	series = {Lund Studies in English},
	title = {{Some} methodological issues in a contrastive study of word order in {English} and {Norwegian}},
	year = {1996}
}

@inproceedings{Dorr1990,
	address = {Pittsburgh, Pennsylvania},
	author = {Dorr, Bonnie J.},
	booktitle = {{Proceedings of the 28th {Annual Meeting} of the {{ACL}}}},
	pages = {127–134},
	title = {Solving thematic divergences in machine translation},
	year = {1990}
}

@inproceedings{Dipper2012,
	address = {Istanbul, Turkey},
	author = {Stefanie Dipper and Melanie Seiss and Heike Zinsmeister},
	booktitle = {{Proceedings of the {LREC-}12}},
	owner = {heike},
	timestamp = {2012.05.15},
	title = {The Use of Parallel and Comparable Data for Analysis of Abstract Anaphora in {G}erman and {{E}}nglish},
	year = {2012}
}

@inproceedings{Dipper2010,
	address = {Valletta, Malta},
	author = {Stefanie Dipper and Heike Zinsmeister},
	booktitle = {{Proceedings of the {LREC} 2010 Workshop on Language Resource and Language Technology Standards}},
	date-modified = {2012-05-28 09:32:10 +0000},
	owner = {heike},
	pages = {54--59},
	timestamp = {2010.05.27},
	title = {Towards a standard for annotating abstract anaphora},
	year = {2010}
}

@inproceedings{Cyrus2006,
	address = {Genoa},
	author = {Cyrus, Lea},
	booktitle = {{Proceedings of the {Fifth International Conference} on {Linguistic Resources} and {Evaluation} ({{LREC}}-2006)}},
	pages = {1240--1245},
	title = {Building a Resource for Studying Translation Shifts},
	year = {2006}
}

@inproceedings{Byron2002,
	author = {Donna K.~Byron},
	booktitle = {{Proceedings of the {ACL-}02 conference}},
	owner = {heike},
	pages = {80--87},
	timestamp = {2009.01.04},
	title = {Resolving Pronominal Reference to Abstract Entities},
	year = {2002}
}

@inproceedings{BarnettEtAl1991,
	address = {Washington, DC},
	author = {Barnett, J. and Mani, I. and Rich, E. and  Aone, C. and Knight, K. and Marinez, J. C.},
	booktitle = {{Proceedings of {Machine Translation Summit {III}}}},
	pages = {25–32},
	title = {Capturing {Language-Specific} Semantic Distinctions in {{Interlingua}-Based MT}},
	year = {1991}
}

@incollection{ČuloEtAl2008,
	address = {\biberror{no address}},
	author = {Čulo, Oliver and Hansen-Schirra, Silvia and Neumann, Stella and Vela, Mihaela},
	booktitle = {{Proceedings of the {{LREC}} 2008 Workshop ``{Building} and Using Comparable Corpora'', {Marrakesh}, {Morrocco}, 31 {May} 2008}},
	editor = {\biberror{no editor}},
	pages = {47--51},
	publisher = {\biberror{no publisher}},
	sortname = {Culo, Oliver and Hansen-Schirra, Silvia and Neumann, Stella and Vela, Mihaela},
	title = {Empirical studies on language contrast using the {{{English}}-{German}} comparable and parallel {CroCo Corpus}},
	year = {2008}
}

@incollection{mueller06b,
	address = {Frankfurt a.M., Germany},
	author = {M{\"u}ller, Christoph and Strube, Michael},
	booktitle = {Corpus Technology and Language Pedagogy: {N}ew Resources, New Tools, New Methods},
	editor = {Braun, Sabine and Kohn, Kurt and Mukherjee, Joybrato},
	pages = {197--214},
	publisher = {Peter Lang},
	sortname = {M{u}ller, Christoph and Strube, Michael},
	title = {Multi-level annotation of linguistic data with {{MMAX}2}},
	year = {2006}
}

@incollection{krifka98,
	address = {\biberror{no address}},
	author = {Manfred Krifka},
	booktitle = {Events and Grammar},
	editor = {S. Rothstein},
	pages = {\biberror{no pages}},
	publisher = {Boston: Kluwer Academic Publishers},
	title = {The origins of telicity},
	year = {1998}
}

@incollection{klaudy08,
	address = {London and New York},
	annote = {Klaudy, Kinga. 2008. Explicitation. In Mona Baker \& Gabriela Saldanha (eds.), Routledge Encyclopedia of Translation Studies, 104--108. London \& New York: Routledge, 2nd edn},
	author = {Kinga Klaudy},
	booktitle = {{Routledge} Encyclopedia of Translation Studies},
	edition = {2nd},
	editor = {Mona Baker and Gabriela Saldanha},
	pages = {104--108},
	publisher = {Routledge},
	title = {Explicitation},
	year = {2008}
}

@incollection{francis94,
	address = {\biberror{no address}},
	annotate = {Francis, G. (1994). Labelling discourse: an aspect of nominal-group lexical cohesion. In M. Coulthard (Ed.), Advances in Written Text Analysis (pp. 83-101). London: Routledge. %Francis, G. (1989). Aspects of Nominal Group Lexical Cohesion. Interface. Journal of Applied Linguistics 4, 27-53. %Francis, G. (1986). Anaphoric Nouns. Discourse Analysis Monograph 11. Birmingham: English Language Research.},
	author = {Gill Francis},
	booktitle = {Advances in Written Text Analysis},
	editor = {Malcolm Coulthard},
	pages = {83--101},
	publisher = {London: Routledge},
	title = {Labelling discourse: {A}n aspect of nominal group lexical cohesion},
	year = {1994}
}

@incollection{dipper-etal-daarc11,
	address = {\biberror{no address}},
	annote = {Stefanie Dipper, Christine Rieger, Melanie Seiss, and Heike Zinsmeister (2011). Abstract Anaphors in German and English. In Iris Hendrickx et al. (eds.): Anaphora Processing and Applications: 8th Discourse Anaphora and Anaphor Resolution Colloquium, DAARC 2011. Revised selected papers, pp. 96-107. Lecture Notes in Computer Science. Springer.},
	author = {Stefanie Dipper and Christine Rieger and Melanie Seiss and Heike Zinsmeister},
	booktitle = {Anaphora Processing and Applications: 8th Discourse Anaphora and Anaphor Resolution Colloquium, {DAARC} 2011. {R}evised selected papers},
	editor = {Iris Hendrickx and Sobha Lalitha Devi and Ant{\'o}nio Branco and Ruslan Mitkov},
	pages = {96--107},
	publisher = {Springer},
	title = {Abstract Anaphors in {G}erman and {{E}}nglish},
	year = {2011}
}

@incollection{blum-kulka86,
	address = {T\"ubingen},
	annote = {Blum-Kulka, Shoshana. 1986. Shifts of cohesion and coherence in tanslation. In Juliane House and Shoshana Blum-Kulka (eds.), Interlingual and intercultural communication, 17--35. T{\"u}bingen: Gunter Narr. },
	author = {Shoshana Blum-Kulka},
	booktitle = {Interlingual and Intercultural Communication},
	date-modified = {2012-05-28 09:36:36 +0000},
	editor = {Juliane House and Shoshana Blum-Kulka},
	pages = {17--35},
	publisher = {Gunter Narr},
	title = {Shifts of cohesion and coherence in translation},
	year = {1986}
}

@incollection{Webber2009,
	address = {\biberror{no address}},
	author = {Webber, Bonnie and Prasad, Rashmi},
	booktitle = {Structuring information in discourse: {T}he explicit/implicit dimension},
	editor = {Bergljot Behrens and Fabricius-Hansen, Cathrine},
	journal = {Oslo Studies in Language},
	number = {1},
	page = {171-190},
	pages = {\biberror{no pages}},
	publisher = {\biberror{no publisher}},
	title = {Discourse structure: {S}wings and roundabouts},
	volume = {1},
	year = {2009}
}

@incollection{VelaEtAl2007,
	address = {\biberror{no address}},
	author = {Vela, Mihaela and Hansen-Schirra, Silvia and  Neumann, Stella},
	booktitle = {{Proceedings of the {Corpus Linguistics Conference} {{CL}. {B}irmingham, UK, {July}} 2007}},
	editor = {Davies, Matthew and Rayson, Paul and Hunston, Susan and Danielsson, Pernilla},
	pages = {27--30},
	publisher = {\biberror{no publisher}},
	title = {Querying multi-layer annotation and alignment in translation corpora},
	url = {http://ucrel.lancs.ac.uk/publications/CL2007/paper/97_Paper.pdf},
	year = {2007}
}

@incollection{Teich2010,
	address = {Amsterdam},
	author = {Teich, Elke and Fankhauser, Peter},
	booktitle = {Corpus-linguistic applications. {Current} studies, new directions},
	editor = {Gries, Stefan T. and Davies, M. and Wulff, S.},
	pages = {233--248},
	publisher = {Rodopi},
	title = {Exploring a corpus of scientific texts using data mining},
	year = {2010}
}

@incollection{Tannen1982,
	address = {Washington D.C.},
	author = {Tannen, Deborah},
	booktitle = {Round Table on Languages and Linguistics},
	editor = {Tannen, Deborah},
	page = {ix-xii},
	pages = {\biberror{no pages}},
	publisher = {Georgetown University Press},
	title = {Analyzing discourse: {T}ext and talk},
	year = {1982}
}

@incollection{Steiner2008,
	address = {Amsterdam},
	author = {Steiner, Erich},
	booktitle = {Language contact and contact languages},
	editor = {Siemund, Peter and Kintana, Noemi},
	pages = {317--346},
	publisher = {John Benjamins},
	series = {Hamburg Studies in Multilingualism},
	title = {Empirical studies of translations as a mode of language contact - “explicitness” of lexicogrammatical encoding as a relevant dimension},
	volume = {7},
	year = {2008}
}

@incollection{Staub2007,
	address = {Oxford},
	author = {Staub, A. and Rayner, K.},
	booktitle = {The {Oxford} Handbook of Psycholinguistics},
	editor = {Gaskell, Gareth},
	pages = {327--342},
	publisher = {Oxford University Press},
	sortname = {Staub, A. and Rayner, K.},
	title = {Eye movements and on-line comprehension processes},
	year = {2007}
}

@incollection{Skytte2000,
	address = {Copenhagen},
	author = {Skytte, Gunver},
	booktitle = {Italiensk–dansk sprogbrug i komparativt perspektiv. {Reference}, konnexion og diskursmarkering},
	editor = {\biberror{no editor}},
	page = {621–793},
	pages = {\biberror{no pages}},
	publisher = {Samfundslitteratur},
	title = {Konnexion og diskursmarkering},
	volume = {I--III},
	year = {2000}
}

@incollection{Sjørup2011,
	address = {London},
	author = {Sjørup, Annette C.},
	booktitle = {Cognitive Explorations of Translation},
	editor = {O'Brien, Sharon},
	pages = {197--214},
	publisher = {Continuum International Publishing Group Ltd},
	series = {Continuum Studies in Translation},
	sortname = {Sjorup, Annette C.},
	title = {Cognitive Effort in Metaphor Translation : {A}n {Eye-Tracking} Study 1},
	year = {2011}
}

@incollection{Ruiz2009,
	address = {\biberror{no address}},
	author = {Ruiz Ruiz, Jorge},
	booktitle = {\biberror{no booktitle}},
	editor = {\biberror{no editor}},
	journal = {Forum: Qualitative Social Research},
	number = {2},
	pages = {\biberror{no pages}},
	publisher = {\biberror{no publisher}},
	title = {Sociological discourse analysis: {M}ethods and Logic},
	url = {http:www.qualitative-research.net/index.php/fqs/article/view/1298/2882},
	volume = {10},
	year = {2009}
}

@incollection{Rijkhoff2008,
	address = {Berlin and New York},
	author = {Rijkhoff, Jan},
	booktitle = {The noun phrase in Functional Discourse Grammar},
	editor = {García Velasco, Daniel and Rijkhoff, Jan},
	page = {63-116},
	pages = {\biberror{no pages}},
	publisher = {Mouton de Gruyter},
	title = {Layers, levels and contexts in Functional Discourse Grammar},
	year = {2008}
}

@incollection{Riazi2002,
	address = {\biberror{no address}},
	author = {Riazi, Abdolmehdi},
	booktitle = {\biberror{no booktitle}},
	editor = {\biberror{no editor}},
	journal = {The Translation Journal},
	number = {2},
	pages = {\biberror{no pages}},
	publisher = {\biberror{no publisher}},
	title = {The invisible in translation: {T}he role of text structure},
	url = {http://accurapid.com/journal/24structure.htm},
	volume = {7},
	year = {2002}
}

@incollection{Ramm2005,
	address = {Oslo},
	author = {Ramm, Wiebke and Fabricius-Hansen, Cathrine},
	booktitle = {\biberror{no booktitle}},
	editor = {\biberror{no editor}},
	note = {SPRIKreports 30},
	pages = {\biberror{no pages}},
	publisher = {Universitetet i Oslo},
	title = {Coordination and discourse-structural salience from a cross-linguistic perspective},
	year = {2005}
}

@incollection{Poesio+modjeska2005,
	address = {\biberror{no address}},
	author = {Massimo Poesio and {Natalia N.} Modjeska},
	booktitle = {Anaphora Processing},
	editor = {Ant{\'o}nio Branco and Tony McEnery and Ruslan Mitkov},
	pages = {429--442},
	publisher = {John Benjamins},
	sortname = {Massimo Poesio and {Natalia N.} Modjeska},
	title = {Focus, activation, and {\it this}-noun phrases: {A}n empirical study},
	volume = {263},
	year = {2005}
}

@incollection{Pavlovic2009,
	address = {Tarragona},
	author = {Pavlovic, Nataša and Jensen, Kristian T. H.},
	booktitle = {Translation Research Projects 2},
	editor = {\biberror{no editor}},
	editors = {Pym, Anthony and Perekrestenko, Alexander},
	pages = {93--109},
	publisher = {Intercultural Studies Group},
	sortname = {Pavlovic, Natasa and Jensen, Kristian T. H.},
	title = {Eye tracking translation directionality},
	url = {http://isg.urv.es/publicity/isg/publications/trp\_2\_2009/index.htm},
	year = {2009}
}

@incollection{Ochs1997,
	address = {London, Thousand Oaks, and New Dehli},
	author = {Ochs, Elinor},
	booktitle = {Discourse as Structure and Process. {Discourse} Studies: {A} Multidisciplinary Introduction 1},
	editor = {Dijk, Teun A. van},
	pages = {185–207},
	publisher = {Sage Publications},
	title = {Narrative},
	year = {1997}
}

@incollection{Miller:1998,
	address = {\biberror{no address}},
	author = {Katherine J. Miller},
	booktitle = {{{WordNet}}. {A}n Electronic Lexical Database},
	editor = {Christiane Fellbaum},
	pages = {47--67},
	publisher = {MIT Press},
	sortname = {Katherine J. Miller},
	title = {Modifiers in {{WordNet}}},
	year = {1998}
}

@incollection{Matthiessen1988,
	address = {Amsterdam and Philadelphia},
	author = {Matthiessen, Christian and Thompson, Sandra A.},
	booktitle = {Clause combining in grammar and discourse},
	editor = {Haiman, John and Thompson, Sandra A.},
	page = {275–329},
	pages = {\biberror{no pages}},
	publisher = {John Benjamins},
	sortname = {Matthiessen, Christian and Thompson, Sandra A.},
	title = {The structure of discourse and ‘subordination’},
	year = {1988}
}

@incollection{Mann1992,
	address = {Amsterdam and Philadelphia},
	author = {Mann, William C. and Matthiessen, Christian and Thompson, Sandra A.},
	booktitle = {Discourse description. {Diverse} linguistic analyses of a fund-raising text},
	editor = { Mann, William C. and Thompson, Sandra A.},
	page = {39–78},
	pages = {\biberror{no pages}},
	publisher = {John Benjamins},
	sortname = {Mann, William C. and Matthiessen, Christian and Thompson, Sandra A.},
	title = {Rhetorical Structure Theory and text analysis},
	year = {1992}
}

@incollection{Lehmann1988,
	address = {Amsterdam and Philadelphia},
	author = {Loock, Rudy},
	booktitle = {Clause Combining in Grammar and Discourse},
	editor = {Haiman, John and Thompson, Sandra A.},
	number = {22},
	page = {181–225},
	pages = {\biberror{no pages}},
	publisher = {John Benjamins},
	series = {Studies in discourse and grammar series},
	title = {Appositive relative clauses in {{English}}: {D}iscourse functions and competing structures},
	year = {2010}
}

@incollection{Kunzfc,
	address = {London},
	author = {Kunz, Kerstin and Steiner, Erich},
	booktitle = {Contrastive Discourse Analysis. {Functional} and Corpus Perspectives}},
	editor = {Taboada, Maite and Suárez, Susana Doval and  González, Elsa Álvarez},
	pages = {\biberror{no pages}},
	publisher = {Equinox},
	title = {Towards a comparison of cohesive reference in {{English}} and {German}: {S}ystem and text},
	year = {forthcoming}
}

@incollection{KunzSteinerfc,
	address = {Amsterdam},
	author = {Kunz, Kerstin and Steiner, Erich},
	booktitle = {Advances in corpus-based contrastive linguistics. {Studies} in honour of {Stig Johansson}},
	editor = {Aijmer, Karin and Altenberg, Bengt},
	pages = {\biberror{no pages}},
	publisher = {John Benjamins},
	title = {Cohesive substitution in {{English}} and {German}: {A} contrastive and corpus-based perspective}},
	year = {forthcoming}
}

@incollection{Kromann2003,
	address = {Växjö},
	author = {Kromann, Matthias T.},
	booktitle = {{Proceedings of the {Second Workshop} on {Treebanks} and {Linguistic Theories} ({{TLT}} 2003)}},
	editor = {\biberror{no editor}},
	pages = {217--220},
	publisher = {\biberror{no publisher}},
	sortname = {Kromann, Matthias T.},
	title = {The {Danish Dependency Treebank} and the {{DTAG}} treebank tool},
	year = {2003}
}

@incollection{Korzen2009,
	address = {Firenze},
	author = {Korzen, Iørn},
	booktitle = {Lingue, culture e testi istituzionali},
	editor = {Korzen, Iørn and Lavinio, Cristina},
	page = {33-60},
	pages = {\biberror{no pages}},
	publisher = {Franco Cesati},
	sortname = {Korzen, Iorn},
	title = {Struttura testuale e anafora evolutiva: {T}ipologia romanza e tipologia germanica},
	year = {2009}
}

@incollection{Korzen2007b,
	address = {Perugia},
	author = {Korzen, Iørn},
	booktitle = {Corpora e linguistica in rete},
	editor = {Barbera, Manuel and Corino, Elisa and Onesti, Cristina},
	page = { 209-224},
	pages = {\biberror{no pages}},
	publisher = {Guerra},
	sortname = {Korzen, Iorn},
	title = {{Mr. {B}ean} e la linguistica testuale comparativa. {Considerazioni} tipologico-comparative sulle lingue romanze e germaniche},
	year = {2007}
}

@incollection{Korzen2007a,
	address = {\biberror{no address}},
	author = {Korzen, Iørn},
	booktitle = {Langues d’{{Europe}}, l’{{Europe}} des langues. {Croisements} linguistiques},
	editor = {Korzen, Iørn and Lambert, Marie and Vassiliadou, Hélène},
	number = {22},
	page = {21-42},
	pages = {\biberror{no pages}},
	publisher = {\biberror{no publisher}},
	series = {Scolia},
	sortname = {Korzen, Iorn},
	title = {Linguistic typology, text structure and appositions},
	year = {2007}
}

@incollection{Korzen2000,
	address = {Copenhagen},
	author = {Korzen, Iørn},
	booktitle = {Italiensk–dansk sprogbrug i komparativt perspektiv. {Reference}, konnexion og diskursmarkering},
	editor = {Skytte, Gunver and Korzen, Iørn},
	page = {65-99 / 161-619},
	pages = {\biberror{no pages}},
	publisher = {Samfundslitteratur},
	sortname = {Korzen, Iorn},
	title = {Tekstsekvenser / {Reference} og andre sproglige relationer},
	volume = {I--III},
	year = {2000}
}

@incollection{Koehn2005,
	address = {\biberror{no address}},
	author = {Koehn, Philipp},
	booktitle = {\biberror{no booktitle}},
	editor = {\biberror{no editor}},
	pages = {\biberror{no pages}},
	publisher = {MT Summit},
	title = {Europarl: {A} parallel corpus for statistical machine translation},
	year = {2005}
}

@incollection{Just1984,
	address = {Hillsdale, NJ},
	author = {Just, M. A. and Carpenter, P. A.},
	booktitle = {New methods in reading comprehension research},
	editor = {\biberror{no editor}},
	editors = {Kieras, D.E. and Just, M.A.},
	pages = {151–182},
	publisher = {Erlbaum},
	sortname = {Just, M. A. and Carpenter, P. A.},
	title = {Using eye fixations to study reading comprehension},
	year = {1984}
}

@incollection{Jakobsen2008,
	address = {\biberror{no address}},
	author = {Jakobsen, A. J. and Jensen, K. T. H.},
	booktitle = {Looking at {E}yes. {{E}}ye Tracking Studies of Reading and Translation Processing},
	editor = {Göpferich et al},
	number = {36},
	pages = {103--124},
	publisher = {\biberror{no publisher}},
	series = {CSL},
	sortname = {Jakobsen, A. J. and Jensen, K. T. H.},
	title = {Eye movement behaviour across four different types of reading task},
	year = {2008}
}

@incollection{Jakobsen1999,
	address = {Kopenhagen},
	author = {Jakobsen, Arnt Lykke},
	booktitle = {Probing the Process in Translation: {M}ethods and Results},
	editor = {Hansen, Gyde},
	number = {24},
	pages = {9--20},
	publisher = {Samfundslitteratur},
	series = {Copenhagen Studies in Language},
	title = {Logging target text productioin with {Translog}},
	year = {2010}
}

@incollection{Izquierdo2000,
	address = {Amsterdam and Philadelphia},
	author = {Izquierdo, Isabel García and Borillo, Josep Marco},
	booktitle = {Investigating Translation. {Selected} Papers from the 4th {International Congress} on {Translation}, {Barcelona}, 1998},
	editor = {Beeby, Allison and Ensinger, Doris and Presas, Marisa},
	number = {32},
	pages = {65–74},
	publisher = {John Benjamins},
	series = {Benjamins Translation Library},
	sortname = {Izquierdo, Isabel Garcia and Borillo, Josep Marco},
	title = {The Degree of Grammatical Complexity in Literary Texts as a Translation Problem},
	year = {2000}
}

@incollection{House2001,
	address = {\biberror{no address}},
	author = {House, Juliane},
	booktitle = {Exploring Translation and Multilingual Text Production},
	editor = {Steiner, Erich and Yallop, Colin},
	pages = {127--160},
	publisher = {Mouton De Gruyter},
	title = {How do we know when a translation is good?},
	year = {2001}
}

@incollection{Herslund2000,
	address = {\biberror{no address}},
	author = {Herslund, Michael},
	booktitle = {{La} prédication seconde},
	editor = {Pierre Cadiot and Furukawa Naoyo},
	journal = {Langue française},
	number = {127},
	pages = {86--94},
	publisher = {\biberror{no publisher}},
	title = {{Le} participe présent comme co-verbe},
	year = {2000}
}

@incollection{Halteren2008,
	address = {Manchester},
	author = {Halteren, Hans van},
	booktitle = {{Proceedings of the 22nd {International Conference on Computational Linguistics} ({Coling2008})}},
	editor = {\biberror{no editor}},
	journal = {Languages in Contrast},
	number = {2},
	page = {937–944},
	pages = {241–265},
	publisher = {\biberror{no publisher}},
	title = {Cohesive explicitness and explicitation in an {{{English}}-{German}} translation corpus},
	volume = {7},
	year = {2007}
}

@incollection{Haider2009,
	address = {\biberror{no address}},
	author = {Haider, Hubert},
	booktitle = {The Fruits of Empirical Linguistics},
	editor = {Featherston, Sam and Winkler, Susanne},
	pages = {75 – 102},
	publisher = {Mouton De Gruyter},
	title = {The thin line between facts and fiction},
	volume = {1},
	year = {2009}
}

@incollection{Granger2003,
	address = {Amsterdam and New York},
	author = {Granger, Sylviane},
	booktitle = {Corpus-based Approaches to Contrastive Linguistics and Translation Studies},
	editor = {Granger, Sylviane and Lerot, Jacques and Petch-Tyson, Stephanie},
	pages = {17--30},
	publisher = {Rodopi},
	title = {The corpus approach: {A} common way forward for Contrastive Linguistics and Translation Studies?},
	year = {2003}
}

@incollection{Firbas1974,
	address = {The Hague},
	author = {Firbas, Jan},
	booktitle = {Papers on functional sentence perspective},
	editor = {Frantisek Daneš},
	page = {11-37},
	pages = {\biberror{no pages}},
	publisher = {Mouton},
	title = {{Some} aspects of the Czechoslovak approach to problems of functional sentence perspective},
	year = {1974}
}

@incollection{Fabricius-Hansen2008intro,
	address = {Amsterdam and Philadelphia},
	author = {Fabricius-Hansen, Cathrine and Ramm, Wiebke},
	booktitle = {'Subordination' versus 'Coordination' in Sentence and Text. {A} cross-linguistic perspective},
	editor = {Fabricius-Hansen, Cathrine and Ramm, Wiebke},
	page = {1--30},
	pages = {\biberror{no pages}},
	publisher = {John Benjamins},
	title = {Editors' introduction: {S}ubordination and coordination from different perspectives},
	year = {2008}
}

@incollection{Fabricius-Hansen1998,
	address = {Amsterdam},
	author = {Fabricius-Hansen, Cathrine},
	booktitle = {Corpora and Cross-linguistic Research: {T}heory, Method, and Case Studies},
	editor = {Johansson, Stig and Oksefjell, Signe},
	page = {197-234},
	pages = {\biberror{no pages}},
	publisher = {Rodopi},
	title = {Information density and translation, with special reference to {{German}} - {Norwegian} - {English}},
	year = {1998}
}

@incollection{Dyvik1998,
	address = {Amsterdam and Atlanta},
	author = {Dyvik, Helge},
	booktitle = {Corpora and Cross-linguistic Research: {Theory}, Method, and Case Studies},
	editor = {Johansson, Stig and Oksefjell, Signe},
	number = {24},
	pages = {51–86},
	publisher = {Rodopi},
	series = {Language and Computers: {Studies} in Practical Linguistics},
	title = {A translational basis for semantics},
	year = {1998}
}

@incollection{Dragsted2010,
	address = { Amsterdam and Philadephia},
	author = {Dragsted, Barbara},
	booktitle = {Translation and Cognition},
	editor = {\biberror{no editor}},
	editors = {Shreve, Gregory M. and  Angelone, Erik},
	pages = {41–62},
	publisher = {John Benjamins},
	title = {Coordination of reading and writing processes in translation: {A}n eye on uncharted territory},
	year = {2010}
}

@incollection{Danlos2008,
	address = {Amsterdam and Philadelphia},
	author = {Danlos, Laurence},
	booktitle = {Constraints in Discourse},
	editor = {Benz, Anton and Kühnlein, Peter},
	page = {69-95},
	pages = {\biberror{no pages}},
	publisher = {John Benjamins},
	title = {Strong generative capacity of {{RST}}, {SDRT} and discourse dependency {DAGSs}},
	year = {2008}
}

@incollection{Consten2007,
	address = {Amsterdam/Philadephia},
	author = {Manfred Consten and Mareile Knees and Monika Schwarz-Friesel},
	booktitle = {Anaphors in Text},
	editor = {\biberror{no editor}},
	pages = {81--102},
	publisher = {John Benjamins},
	title = {The function of complex anaphors in texts: {{E}}vidence from corpus studies and ontological considerations},
	year = {2007}
}

@incollection{CollinsEtAl2005,
	address = {Stroudsburg},
	author = {Collins, Michael and Koehn, Philipp and Kucerova, Ivona},
	booktitle = {{Proceedings of the 43rd Annual Meeting on Association for Computational Linguistics ({{ACL}} '05)}},
	editor = {\biberror{no editor}},
	pages = {531--540},
	publisher = {P.A.: Association for Computational Linguistics},
	title = {Clause restructuring for statistical machine translation},
	year = {2005}
}

@incollection{Clark1977,
	address = { Hillsdale, New Jersey},
	author = {Clark, Herbert H. and Haviland, Susan E.},
	booktitle = {Discourse Production and Comprehension},
	editor = {Freedle, Roy O.},
	pages = {1--40},
	publisher = {Erlbau},
	sortname = {Clark, Herbert H. and Haviland, Susan E.},
	title = {Comprehension and the given-new contract},
	year = {1977}
}

@incollection{Clark1977,
	address = {London and New York},
	author = {Herbert H.~Clark},
	booktitle = {Thinking: {R}eadings in Cognitive Science},
	editor = {P. N. Johnson-Laird and P. C. Wason},
	owner = {zinsmeis},
	pages = {\biberror{no pages}},
	publisher = {Cambridge University Press},
	sortname = {Herbert H.~Clark},
	timestamp = {2007.06.26},
	title = {Bridging},
	year = {1977}
}

@incollection{Choi2003,
	address = {Cambridge},
	author = {Choi, Seongsook},
	booktitle = {{Proceedings from the first {CamLing} workshop}},
	editor = {\biberror{no editor}},
	pages = {\biberror{no pages}},
	publisher = {Cambridge University Press},
	title = {Serial verbs and adjunction},
	year = {2003}
}

@incollection{Chesterman2005,
	address = {Budapest},
	author = {Chesterman, Andrew},
	booktitle = {New Trends in Translation Studies. {In} Honour of {Kinga Klaudy}},
	editor = {Károly, Krisztina and Fóris, Ágota},
	pages = {17–28},
	publisher = { Akadémiai Kiadó},
	title = {Problems with Strategies},
	year = {2005}
}

@incollection{Chafe1976,
	address = {New York and San Francisco and London},
	author = {Chafe, Wallace L.},
	booktitle = {Subject and topic},
	editor = {Charles N. Li},
	pages = {25–55},
	publisher = {Academic Press},
	sortname = {Chafe, Wallace L.},
	title = {Givenness, contrastiveness, definiteness, subjects, topics, and point of view},
	year = {1976}
}

@incollection{CarlsonEtAl2003,
	address = {Dordrecht},
	author = {Chafe, Wallace L.},
	booktitle = {International Encyclopedia of Linguistics},
	editor = {William Frawley},
	pages = {85--112},
	publisher = {Oxford University Press},
	sortname = {Chafe, Wallace L.},
	title = {Discourse: {O}verview},
	year = {2003}
}

@incollection{CarlEtAl2008,
	address = {Setúbal, Portugal},
	author = {Carl, Michael and Jakobsen, Arnt Lykke and Jense, Kristian T. H.},
	booktitle = {{Proceedings of the {5th International Workshop} on {Natural Language}. {Processing} and {Cognitive Science}, {{NLPCS}} 2008, {Barcelona}, {{Spain}}, {June} 2008}},
	editor = {Sharp, Bernadette and Zock, Michael},
	pages = {114–123},
	publisher = {INSTICC Press},
	sortname = {Carl, Michael and Jakobsen, Arnt Lykke and Jense, Kristian T. H.},
	title = {Studying human translation behavior with user-activity data},
	year = {2008}
}

@incollection{Bhatia2010,
	address = {London and New York},
	author = {Bhatia, Vijay K.},
	booktitle = {The {{Routledge}} Handbook of Forensic Linguistics},
	editor = {Coulthard,  Malcolm and Johnson, Alison},
	pages = {37–50},
	publisher = {Routledge},
	sortname = {Bhatia, Vijay K.},
	title = {Specification in legislative writing: {A}ccessibility, transparency, power and control},
	year = {2010}
}

@incollection{Behrens2010,
	address = {Bern},
	author = {Behrens, Bergljot and Fabricius-Hansen, Cathrine},
	booktitle = {Contrasting meaning in languages of the {East} and West},
	editor = {Dingfang Shu and Turner, Ken},
	number = {14},
	pages = {531–552},
	publisher = {Peter Lang},
	series = {Contemporary Studies in Descriptive Linguistics},
	title = {The relation accompanying circumstance across languages: {C}onflict between linguistic expression and discourse subordination?},
	year = {2010}
}

@incollection{Baron2005,
	address = {\biberror{no address}},
	author = {Baron, Irène and Herslund, Michael},
	booktitle = {{Le} génie de la langue française. {Perspectives} typologiques et contrastives},
	editor = {Herslund, Michael and Baron, Irène},
	number = {145},
	pages = {35--53},
	publisher = {\biberror{no publisher}},
	series = {Langue française},
	sortname = {Baron, Irene and Herslund, Michael},
	title = {Langues endocentriques et langues exocentriques. {Approche} typologique du danois, du français et de l’anglais},
	year = {2005}
}

@incollection{Amoia2011,
	address = {\biberror{no address}},
	author = {Amoia, Marilisa and Kerstin Kunz and Ekaterina Lapshinova-Koltunski},
	booktitle = {{Proceedings of the {2nd Workshop on Annotation and Exploitation of Parallel Corpora} ({{AEPC}2} a {RANLP} 2011 workshop). {Hissar}, {{Bulgaria}}. {September}, 2011}},
	editor = {\biberror{no editor}},
	pages = {\biberror{no pages}},
	publisher = {\biberror{no publisher}},
	title = {Discontinuous Constituents: {A} Problematic Case for Parallel Corpora Annotation and Querying},
	year = {2011}
}

@incollection{AlvesEtAl2010,
	address = {Amsterdam and Philadelphia},
	author = {Alves, Fabio and Pagano, Adriana and Neumann, Stella and Steiner, Erich and  Hansen-Schirra,  Silvia},
	booktitle = {Translation and Cognition},
	editor = {Shreve, Gregory M. and  Angelone,  Erik},
	page = {109–142},
	pages = {\biberror{no pages}},
	publisher = {John Benjamins},
	title = {Translation units and grammatical shifts. {T}owards an integration of product- and process-based translation research},
	year = {2010}
}

@incollection{Aikhenvald2005,
	address = {Oxford},
	author = {Aikhenvald, Alexandra Yurievna},
	booktitle = {Serial verb constructions: {A} cross-linguistic typology},
	editor = {Aikhenvald, A. Y. and Dixon, R. M. W.},
	pages = {1--68},
	publisher = {Oxford University Press},
	title = {Serial verb constructions in typological perspective},
	year = {2005}
}

@inbook{Vendler1967,
	author = {Zeno Vendler},
	chapter = {Verbs and Time},
	pages = {97--121},
	publisher = {Cornell University Press},
	timestamp = {2009.02.09},
	title = {Linguistics in Philosophy},
	year = {1967}
}

@book{vinay_darbelnet1995,
	address = {Amsterdam/Philadelphia},
	author = {Jean-Paul Vinay and Jean Darbelnet},
	date-added = {2012-02-01 14:57:48 +0100},
	date-modified = {2012-02-03 18:08:35 +0100},
	publisher = {John Benjamins},
	title = {Comparative stylistics of {French} and English: {A} methodology for translation},
	year = {1958/1995}
}

@book{vendler67,
	address = {\biberror{no address}},
	author = {Zeno Vendler},
	publisher = {Ithaca, New York: Cornell University Press},
	title = {Linguistics in Philosophy},
	year = {1967}
}

@book{maienborn03,
	address = {\biberror{no address}},
	author = {Claudia Maienborn},
	number = {56},
	publisher = {Akademie},
	series = {Studia grammatica},
	title = {Die logische Form von {Kopula-S}\"atzen},
	year = {2003}
}

@book{lyons77,
	address = {\biberror{no address}},
	annotate = {Lyons, J. (1977). Semantics. Volume 1 and 2. Cambridge: Cambridge University Press.},
	author = {John Lyons},
	publisher = {Cambridge: Cambridge University Press},
	title = {Semantics},
	volume = {1 and 2},
	year = {1977}
}

@book{drt93,
	address = {\biberror{no address}},
	annote = { Kamp, Hans; Reyle, Uwe (1993) From Discourse to Logic. Introduction to Modeltheoretic Semantics of Natural Language, Formal Logic and Discourse Representation Theory. Kluwer, Dordrecht. },
	author = {Hans Kamp and Uwe Reyle},
	publisher = {Dordrecht: Kluwer},
	title = {From Discourse to Logic. {I}ntroduction to Modeltheoretic Semantics of Natural Language, Formal Logic and Discourse Representation Theory},
	year = {1993}
}

@book{dowty79,
	address = {\biberror{no address}},
	author = {David Dowty},
	publisher = {Dordrecht: Reidel},
	title = {Word meaning and Montague Grammar},
	year = {1979}
}

@book{Widdowson2004,
	address = {Oxford},
	author = {Widdowson, Henry G.},
	publisher = {Blackwell Publishing},
	sortname = {Widdowson, Henry G.},
	title = {Text, context, pretext. {Critical} issues in Discourse Analysis},
	year = {2004}
}

@book{Widdowson1979,
	address = {Oxford},
	author = {Widdowson, Henry G.},
	publisher = {Oxford University Press},
	sortname = {Widdowson, Henry G.},
	title = {Explorations in Applied Linguistics},
	year = {1979}
}

@book{WeissKulikowski:1991,
	address = {San Mateo, CA},
	author = {S. M. Weiss and C. A. Kulikowski},
	publisher = {Morgan Kaufman},
	sortname = {S. M. Weiss and C. A. Kulikowski},
	title = {Computer Systems that Learn. {C}lassification and                   Prediction Methods from Statistics, Neural Nets,                   Machine Learning and Expert Systems},
	year = {1991}
}

@book{Webber1979,
	address = {\biberror{no address}},
	author = {{Bonnie L.} Webber},
	publisher = {Garland},
	sortname = {{Bonnie L.} Webber},
	title = {A Formal Approach to Discourse},
	year = {1979}
}

@book{Vinay1995,
	address = {Amsterdam and Philadelphia},
	author = {Vinay, Jean-Paul and Darbelnet, Jean},
	note = {Translated and edited by Juan C. Sager and M.-J. Hamel},
	number = {11},
	publisher = {John Benjamins},
	series = {Benjamins Translation Library},
	title = {Comparative Stylistics of {{French}} and {English}: {A} Methodology for Translation},
	year = {1995}
}

@book{Vik1979a,
	address = {London},
	author = {Vik, Bjørg},
	note = {Translated by David McDuff and Patrick Browne},
	publisher = {Sinclair Browne},
	sortname = {Vik, Bjorg},
	title = {Out of Season and Other Stories},
	year = {1979a}
}

@book{Vik1979,
	address = {Oslo},
	author = {Vik, Bjørg},
	publisher = {J. W. Cappelens Forlag AS},
	sortname = {Vik, Bjorg},
	title = {{En} håndfull lengsel},
	year = {1979}
}

@book{Venuti2000,
	address = {London and New York},
	booktitle = {The Translation Studies Reader},
	editor = {Venuti, Lawrence},
	publisher = {Routledge},
	title = {The Translation Studies Reader},
	year = {2000}
}

@book{Trujllo1999,
	address = {Berlin and Heidelberg and New York},
	author = {Trujllo, Arturo},
	publisher = {Springer-Verlag},
	title = {Translation Engines: {Techniques} for Machine Translation},
	year = {1999}
}

@book{Toolan2001,
	address = {London and New York},
	author = {Toolan, Michael},
	note = {Second edition},
	publisher = {Routledge},
	title = {Narrative.  {A} critical linguistic introduction. {The {INTERFACE} Series}},
	year = {2001}
}

@book{Thomason2001,
	address = {Washington D.C.},
	author = {Thomason, Sarah G.},
	publisher = {Georgetown University Press},
	sortname = {Thomason, Sarah G.},
	title = {Language Contact. {An} Introduction},
	year = {2001}
}

@book{Teich2003,
	address = {Berlin and New York},
	author = {Teich, Elke},
	publisher = {Mouton de Gruyter},
	title = {Cross-linguistic variation in system and text. {A} methodology for the investigation of translations and comparable texts},
	year = {2003}
}

@book{Stubbs1996,
	address = {Oxford},
	author = {Stubbs, Michael},
	publisher = {Basil Blackwell},
	title = {Text and corpus analysis},
	year = {1996}
}

@book{Stubbs1983,
	address = {Oxford},
	author = {Stubbs, Michael},
	publisher = {Basil Blackwell},
	title = {Discourse analysis},
	year = {1983}
}

@book{Steiner2001,
	address = {Berlin and New York},
	booktitle = {Exploring Translation and Multilingual Text Production},
	editor = {Steiner, Erich and Yallop, Colin},
	publisher = {Mouton De Gruyter},
	title = {Exploring Translation and Multilingual Text Production},
	year = {2001}
}

@book{Steiner1991,
	address = {Berlin and New York},
	author = {Steiner, Erich},
	publisher = {Mouton de Gruyter},
	title = {A Functional Perspective on Language, Action, and Interpretation. {An} Initial Approach with a View to Computational Modeling},
	year = {1991}
}

@book{SkytteKorzen2000,
	address = {Copenhagen},
	author = {Skytte, Gunver and Korzen, Iørn},
	publisher = {Samfundslitteratur},
	sortname = {Skytte, Gunver and Korzen, Iorn},
	title = {Italiensk–dansk sprogbrug i komparativt perspektiv. {Reference}, konnexion og diskursmarkering},
	volume = {I--III},
	year = {2000}
}

@book{SkytteEtAl1999,
	address = {Copenhagen},
	booktitle = {Tekststrukturering på italiensk og dansk. {R}esultater af en komparativ undersøgelse / Strutturazione testuale in italiano e danese. {R}isultati di una indagine comparativa}},
	editor = {Skytte, Gunver and Korzen, Iørn and Polito, Paola and Strudsholm, Erling},
	publisher = {Museum Tusculanum Press},
	sortname = {Skytte, Gunver and Korzen, Iorn and Polito, Paola and Strudsholm, Erling},
	title = {Tekststrukturering på italiensk og dansk. {R}esultater af en komparativ undersøgelse / Strutturazione testuale in italiano e danese. {R}isultati di una indagine comparativa}},
	year = {1999}
}

@book{Siemund2008,
	address = {Amsterdam},
	booktitle = {Language contact and contact languages},
	editor = {Siemund, Peter and Kintana, Noemi},
	number = {7},
	publisher = {Benjamins},
	series = {Hamburg Studies in Multilingualism},
	title = {Language contact and contact languages},
	year = {2008}
}

@book{Schmid2000,
	address = {Berlin and New York},
	author = {Schmid, Hans-Jörg},
	publisher = {Mouton de Gruyter},
	sortname = {Schmid, Hans-Jorg},
	title = {{English} Abstract Nouns as Conceptual Shells. {From} Corpus to Cognition},
	year = {2000},
}

@book{Palumbo2009,
	address = {London and New York},
	author = {Palumbo, Giuseppe},
	publisher = {Continuum},
	title = {Key Terms in Translation Studies},
	year = {2009}
}

@book{Noreen:89,
	address = {New York},
	author = {Eric W. Noreen},
	publisher = {Wiley},
	sortname = {Eric W. Noreen},
	title = {Computer Intensive Methods for Testing                   Hypotheses. {A}n Introduction},
	year = {1989}
}

@book{Neumann2008,
	address = {Saarbrücken},
	author = {Neumann, Stella},
	publisher = {Habilitationsschrift Philosophische Fakultät II, Universität des Saarlandes},
	title = {Contrastive Register Variation. {A} quantitative approach to the comparison of {{English}} and {German}},
	year = {2008}
}

@book{Miestamo2008,
	address = {Amsterdam and Philadelphia},
	booktitle = {Language Complexity. {Typology}, Contact, Change},
	editor = {Miestamo, Matti and Kaius, Sinnemäki and Karlsson, Fred},
	publisher = {John Benjamins},
	sortname = {Miestamo, Matti and Kaius, Sinnemaki and Karlsson, Fred},
	title = {Language Complexity. {Typology}, Contact, Change},
	year = {2008}
}

@book{McEnery2006,
	address = {London},
	author = {McEnery, Anthony M. and Xiao, Richard Z. and Tono, Yukio},
	publisher = {Routledge},
	series = {Routledge Applied Linguistics Series},
	sortname = {McEnery, Anthony M. and Xiao, Richard Z. and Tono, Yukio},
	title = {Corpus-based language studies: {A}n advanced resource book.},
	year = {2006}
}

@book{Mattila2006,
	address = {London},
	author = {Mattila, Heikki E. S.},
	publisher = {Ashgate},
	sortname = {Mattila, Heikki E. S.},
	title = {Comparative Legal Linguistics},
	year = {2006}
}

@book{Mahlberg2005,
	address = {Amsterdam},
	author = {Mahlberg, Michaela},
	publisher = {John Benjamins},
	title = {{English} General Nouns. {A} corpus theoretical approach},
	year = {2005}
}

@book{Lyons1977,
	address = {Cambridge},
	author = {Lyons, John},
	publisher = {Cambridge University Press},
	title = {Semantics, {Volume} 1-2},
	year = {1977}
}

@book{Leech2007,
	address = {Harlow},
	author = {Leech, Geoffrey and Short, Mick},
	note = {Second edition},
	publisher = {Pearson Education Limited},
	series = {English Language Series},
	title = {Style in Fiction.  {A} Linguistic Introduction to {{English}} Fictional Prose},
	year = {2007}
}

@book{Laurén1993,
	address = {Lund},
	author = {Laurén, Christer},
	publisher = {Studentlitteratur},
	sortname = {Lauren, Christer},
	title = {Fackspråk: {F}orm, innehåll, funktion},
	year = {1993}
}

@book{Lambrecht1994,
	address = {Cambridge},
	author = {Lambrecht, Knud},
	number = {71},
	publisher = {Cambridge University Press},
	series = {Cambridge Studies in Linguistics},
	title = {Information structure and sentence form: {A} Topic, focus, and the mental representation of discourse referents},
	year = {1994}
}

@book{Jurafsky2009,
	address = {Upper Saddle River, New Jersey},
	author = {Jurafsky, Daniel and Martin,  James H.},
	note = {Second edition},
	publisher = {Pearson Education},
	sortname = {Jurafsky, Daniel and Martin,  James H.},
	title = {Speech and Language Processing.  {An} Introduction to Natural Language Processing, Computational Linguistics, and Speech Recognition},
	year = {2009}
}

@book{Irmer2011,
	address = {Berlin},
	author = {Irmer, Matthias},
	publisher = {De Gruyter},
	title = {Bridging inferences},
	year = {2011}
}

@book{House1997,
	address = {Tübingen},
	author = {House, Juliane},
	number = {410},
	publisher = {Gunter Narr Verlag},
	series = {Tübinger Beiträge zur Linguistik},
	title = {Translation Quality Assessment:  {A} Model Revisited},
	year = {1997}
}

@book{Hoey1991,
	address = {Oxford},
	author = {Hoey, Michael},
	publisher = {Oxford University Press},
	title = {Patterns of lexis in text},
	year = {1991}
}

@book{Hockett1958,
	address = {New York},
	author = {Hockett, Charles F.},
	publisher = {Macmillan},
	sortname = {Hockett, Charles F.},
	title = {A course in modern linguistics},
	year = {1958}
}

@book{Hawkins2004,
	address = {Oxford},
	author = {Hawkins, John A.},
	publisher = {Oxford University Press},
	sortname = {Hawkins, John A.},
	title = {Efficiency and Complexity in Grammars},
	year = {2004}
}

@book{Hawkins1986,
	address = {London},
	author = {Hawkins, John A.},
	publisher = {Croom Helm},
	sortname = {Hawkins, John A.},
	title = {A Comparative Typology of {{English}} and {German}: {U}nifying the Contrasts},
	year = {1986}
}

@book{Hasan1976,
	address = {London},
	author = {Hasan, Ruqaiya and Halliday, Michael A. K.},
	publisher = {Longman},
	sortname = {Hasan, Ruqaiya and Halliday, Michael A. K.},
	title = {Cohesion in {{English}}},
	year = {1976}
}

@book{Hansen2003,
	address = {Saarbrucken},
	author = {Hansen, Silvia},
	publisher = {DFKI/ Universitat des Saarlandes},
	title = {The Nature of Translated Text. {A}n Interdisciplinary Methodology for the Investigation of the Specific Properties of Translations},
	year = {2003}
}

@book{Hansen-SchirraEtAlfc,
	address = {Berlin and New York},
	author = {Hansen-Schirra, Silvia and Neumann, Stella and Steiner, Erich},
	publisher = {Mouton de Gruyter},
	series = {Series Text, Translation, Computational Processing},
	title = {Cross-linguistic Corpora for the Study of Translations. {I}nsights from the language pair {{English}} – {German}},
	year = {forthcoming}
}

@book{Halliday2004,
	address = {London},
	author = {Halliday, M. A.K. and Matthiessen, Christian M. I.M.},
	note = {earlier versions by Halliday in 1985/ 1994},
	publisher = {Arnold},
	sortname = {Halliday, M. A.K. and Matthiessen, Christian M. I.M.},
	title = {An Introduction to Functional Grammar},
	year = {2004}
}

@book{Halliday1993,
	address = {London and Washington D.C.},
	author = {Halliday, M. A.K. and Martin, James R.},
	publisher = {Falmer Press},
	sortname = {Halliday, M. A.K. and Martin, James R.},
	title = {Writing Science: {L}iteracy and Discursive Power},
	year = {1993}
}

@book{Halliday1976,
	address = {London},
	author = {Halliday, M. A.K. and Hasan, Ruqaiya},
	publisher = {Edward Arnold},
	sortname = {Halliday, M. A.K. and Hasan, Ruqaiya},
	title = {Cohesion in {{English}}},
	year = {1976}
}

@book{Gile1995,
	address = {Paris},
	author = {Gile, Daniel},
	publisher = {Presses Universitaires de France},
	title = {{La} Traduction. {L}a comprendre, l'apprendre},
	year = {1995}
}

@book{FrancesconiEtAl2010,
	address = {Berlin and Heidelberg},
	author = {Francesconi, Enrico and Montemagni, Simonetta  and Peters, Wim and  Tiscornia, Daniela},
	publisher = {Springer},
	title = {Semantic Processing of Legal Texts. {Where} the Language of Law Meets the Law of Language. {Lecture} Notes in {Artificial Intelligence} 6036},
	year = {2010}
}

@book{Featherstone2009,
	address = {Berlin},
	booktitle = {The Fruits of Empirical Linguistics},
	editor = {Featherston, Sam and Winkler, Susanne},
	number = {101},
	publisher = {De Gruyter},
	series = {Studies in Generative Grammar},
	title = {The Fruits of Empirical Linguistics},
	year = {2009}
}

@book{Fabricius-Hansen2008ed,
	address = {Amsterdam, Philadelphia},
	booktitle = {“Subordination” vs. “Coordination” in sentence and text: {A} cross-linguistic perspective},
	editor = {Fabricius-Hansen Cathrine and Ramm, Wiebke},
	number = {98},
	publisher = {John Benjamins},
	series = {Studies in Language Companion Series},
	title = {“Subordination” vs. “Coordination” in sentence and text: {A} cross-linguistic perspective},
	year = {2008}
}

@book{Englund-Dimitrova2005,
	address = {Amsterdam},
	author = {Englund-Dimitrova, Birgitta},
	publisher = {Benjamins},
	title = {Expertise and Explicitation in the Translation Process},
	year = {2005}
}

@book{Dyvik1990,
	address = {The {PONS} Project: {Features} of a Translation System},
	author = {Dyvik, Helge},
	institution = {University of Bergen},
	number = {39, B},
	publisher = {\biberror{no publisher}},
	series = {Skriftserie fra Institutt for fonetikk og lingvistikk},
	title = {\biberror{no title}},
	year = {1990}
}

@book{Doherty2006,
	address = {Amsterdam},
	author = {Doherty, Monika},
	publisher = {Benjamins},
	title = {Structural Propensities. {Translating} Nominal Groups from {{English}} into {German}},
	year = {2006}
}

@book{Doherty2002,
	address = {London},
	author = {Doherty, Monika},
	publisher = {Routledge},
	title = {Language processing in discourse. {A} key to felicitous translation},
	year = {2002}
}

@book{Dahl2004,
	address = {Amsterdam and Philadelphia},
	author = {Dahl, Östen},
	number = {71},
	publisher = {John Benjamins},
	series = {Studies in Language Companion Series},
	sortname = {Dahl, Osten},
	title = {The Growth and Maintenance of Linguistic Complexity},
	year = {2004}
}

@book{Cohen1988,
	address = {Hillsdale, New Jersey},
	author = {Jacob Cohen},
	edition = {2nd},
	publisher = {Lawrence Erlbaum Associates},
	title = {Statistical Power Analysis for the Behavioral Sciences},
	year = {1988}
}

@book{Christiansen2011,
	address = {Bern},
	author = {Christiansen, Thomas},
	publisher = {Peter Lang},
	title = {Cohesion: {A} Discourse Perspective},
	year = {2011}
}

@book{Chesterman1998,
	address = {Amsterdam and Philadelphia},
	author = {Chesterman, Andrew},
	publisher = {John Benjamins},
	title = {Contrastive Functional Analysis},
	year = {1998}
}

@book{Chesterman1997,
	address = {Amsterdam and Philadelphia},
	author = {Chesterman, Andrew},
	publisher = {John Benjamins},
	title = {Memes of Translation. {T}he Spread of Ideas in Translation Theory. {Benjamins} Translation Library 22},
	year = {1997}
}

@book{Carl2011,
	address = {\biberror{no address}},
	author = {Carl, Michael and Martin, Kay},
	note = {Accepted for publication in META},
	publisher = {\biberror{no publisher}},
	title = {Gazing and Typing Activities during Translation: {A} Comparative Study of Translation Units of Professional and Student Translators},
	year = {2011}
}

@book{Cao2007,
	address = {Clevedon and Buffalo and Toronto},
	author = {Cao, Deborah},
	publisher = {Multilingual Matters Ltd},
	title = {Translating Law. {Topics} in Translation 33},
	year = {2007}
}

@book{Brown1983,
	address = {Cambridge},
	author = {Brown, Gillian and Yule George},
	publisher = {Cambridge University Press},
	title = {Discourse analysis},
	year = {1983}
}

@book{Bowers1989,
	address = {Vancouver},
	author = {Bowers, Frederick},
	publisher = {University of British Columbia Press},
	title = {\biberror{no title}},
	year = {1989}
}

@book{Biber1998,
	address = {Cambridge},
	author = {Biber, Douglas and Conrad, Susan and Reppen, Randi},
	publisher = {Cambridge University Press},
	title = {Corpus Linguistics. {I}nvestigating Language Structure and Use},
	year = {1998}
}

@book{Bache1997,
	address = {Berlin and New York},
	author = {Bache, Carl and Davidsen-Nielsen, Niels},
	publisher = {Walter de Gruyter},
	title = {Mastering {English}: {A} An advanced grammar for non-native and native speakers},
	year = {1997}
}

@book{Asher2003,
	address = {\biberror{no address}},
	author = {Asher, Nicholas and Lascarides, Alex},
	publisher = {Cambridge University Press},
	series = {Studies in natural language processing},
	title = {Logics of conversation},
	year = {2003}
}

@book{Asher1993,
	address = {Boston MA},
	author = {Nicholas Asher},
	owner = {macuser},
	publisher = {Kluwer Academic Publishers},
	timestamp = {2008.12.10},
	title = {Reference to Abstract Objects in Discourse},
	year = {1993}
}

@book{Ariel1990,
	address = {London},
	author = {Ariel, Mira},
	publisher = {Routledge},
	title = {Accessing {{Noun}-Phrase} Antecedents},
	year = {1990}
}

@article{ČuloEtAl2011,
	author = {Čulo, Oliver and Hansen-Schirra, Silvia and Maksymski, Karin and Neumann, Stella},
	journal = {Translation: Computation, Corpora, Cognition},
	number = {1},
	pages = {\biberror{no pages}},
	sortname = {Culo, Oliver and Hansen-Schirra, Silvia and Maksymski, Karin and Neumann, Stella},
	title = {Empty links and crossing lines: {Q}uerying multi-layer annotation and alignment in parallel corpora},
	volume = {1},
	year = {2011}
}

@article{webber91,
	author = {{Bonnie L.} Webber},
	journal = {Language and Cognitive Processes},
	owner = {macuser},
	pages = {107--135},
	sortname = {{Bonnie L.} Webber},
	timestamp = {2008.12.10},
	title = {Structure and ostention in the interpretation of discourse deixis},
	volume = {6},
	year = {1991}
}

@article{recasens+marti10_ancora.lre.pdf,
	author = {Marta Recasens and M.~Ant{\`o}nia Mart{\'\i}},
	journal = {Language Resources \& Evaluation},
	note = {DOI 10.1007/s10579-009-9108-x},
	pages = {\biberror{no pages}},
	sortname = {Marta Recasens and M.~Ant{o}nia Mart{\i}},
	title = {{{AnCora-CO}}: {C}oreferentially annotated corpora for {{Spanish}} and {Catalan}},
	volume = {\biberror{no volume}},
	year = {2010}
}

@article{levenshtein1965,
	author = {Vladimir I. Levenshtein},
	date-added = {2012-02-02 18:12:58 +0100},
	date-modified = {2012-02-02 18:14:46 +0100},
	journal = {Doklady Akademii Nauk SSSR},
	number = {4},
	pages = {845--848},
	sortname = {Vladimir I. Levenshtein},
	title = {Binary codes capable of correcting deletions, insertions, and reversals.},
	volume = {163},
	year = {1965}
}

@article{eckert+strube00,
	author = {Miriam Eckert and Michael Strube},
	journal = {Journal of Semantics},
	number = {1},
	pages = {51--89},
	title = {Dialogue acts, synchronising units and anaphora resolution},
	volume = {17},
	year = {2000}
}

@article{deemter+kibble00_coreference.cl.pdf,
	author = {Kees van Deemter and Rodger Kibble},
	journal = {Computational Linguistics},
	number = {4},
	pages = {629--637},
	title = {On Coreferring: {C}oreference in {{MUC}} and Related Annotation Schemes},
	volume = {26},
	year = {2000}
}

@article{botleyMcEnery00,
	annotate = {Botley, S. P. & McEnery, A. M. (2001). Demonstratives in English: A Corpus-based Study. Journal of English Linguistics 29: 7--33.},
	author = {Simon Botley and Tony McEnery},
	journal = {Journal of English Linguistics},
	pages = {7--33},
	title = {Demonstratives in {{E}}nglish: {A} Corpus-based Study},
	volume = {29},
	year = {2001}
}

@article{botley06,
	author = {Simon Botley},
	journal = {International Journal of Corpus Linguistics},
	number = {1},
	pages = {73--112},
	title = {Indirect anaphora: {T}esting the limits of corpus-based linguistics},
	volume = {11},
	year = {2006}
}

@article{asher+lascarides98_bridging.jsem.pdf,
	annote = { Asher, N. and A. Lascarides [1998] Bridging, Journal of Semantics, 15(1), pp83-113, Oxford University Press.  Abstract: In this paper, we offer a novel analysis of bridging, paying particular attention to definite descriptions. We argue that extant theories don't do justice to the way different knowledge resources interact. In line with Hobbs (1979), we claim that the rhetorical connections between the propositions introduced in the text plays an important part. But our work is distinct from his in that we model how this source of information interacts with compositional and lexical semantics. We formalise bridging in a framework known as SDRT (Asher, 1993). We demonstrate that this provides a richer, more accurate interpretation of definite descriptions than has been offered so far.   },
	author = {Nicholas Asher and Alex Lascarides},
	journal = {Journal of Semantics,},
	number = {1},
	pages = {83--113},
	title = {Bridging},
	volume = {15},
	year = {1998}
}

@article{artstein_poesio08,
	author = {Ron Artstein and Massimo Poesio},
	journal = {Computational Linguistics},
	number = {4},
	pages = {555--596},
	title = {Inter-coder agreement for computational linguistics (survey article)},
	volume = {34},
	year = {2008}
}

@article{Vallduví1996,
	author = {Vallduví, Enric and Engdahl, Elisabeth},
	journal = {Linguistics},
	number = {34},
	pages = {459- 519},
	sortname = {Vallduvi, Enric and Engdahl, Elisabeth},
	title = {The Linguistic Realization of Information Packaging},
	volume = {\biberror{no volume}},
	year = {1996}
}

@article{Tirkkonen-Condit2005,
	author = {Tirkkonen-Condit, Sonja},
	journal = {META},
	number = {2},
	pages = {405--414},
	title = {The Monitor Model Revisited: {{E}}vidence from Process Research},
	volume = {50},
	year = {2005}
}

@article{Schlesewsky2009,
	author = {Schlesewsky, Matthias},
	journal = {Zeitschrift für Sprachwissenschaft},
	pages = {169--178},
	title = {Linguistic data from experimental environments: {A} multi-experimental and multi-modal perspective},
	volume = {\biberror{no volume}},
	year = {2009}
}

@article{Sapir:1944,
	author = {Edward Sapir},
	journal = {Philosophy of Sciences},
	pages = {83--116},
	title = {Grading. {A} Study in Semantics},
	volume = {11},
	year = {1944}
}

@article{RuizEtAl2008,
	author = {Ruiz, C. and Paredes, N. and Macizo, P. and Bajo, M. T.},
	issue = {3},
	journal = {Acta Psychologica},
	pages = {490--500},
	sortname = {Ruiz, C. and Paredes, N. and Macizo, P. and Bajo, M. T.},
	title = {Activation of lexical and syntactic target language properties in translation},
	volume = {128},
	year = {2008}
}

@article{Perrin2003,
	author = {Perrin, Daniel},
	journal = {Pragmatics},
	number = {35},
	pages = {907–921},
	title = {Progression analysis ({{PA}}): {I}nvestigating writing strategies at the workplace},
	volume = {\biberror{no volume}},
	year = {2003}
}

@article{MitchellLapata:2010,
	author = {Jeff Mitchell and Mirella Lapata},
	journal = {Cognitive Science},
	pages = {1388--1429},
	title = {Composition in Distributional Models of Semantics},
	volume = {34},
	year = {2010}
}

@article{Mann1988,
	author = {Mann, William C. and Thompson, Sandra A.},
	journal = {Text},
	number = {3},
	pages = {243--281},
	sortname = {Mann, William C. and Thompson, Sandra A.},
	title = {Rhetorical Structure Theory: {T}oward a functional theory of text organization},
	volume = {8},
	year = {1988}
}

@article{Leuven-Zwart1990,
	author = {Leuven-Zwart, Kitty M. van},
	journal = {Target},
	note = {. Amsterdam and Philadelphia: John Benjamins B.V.},
	number = {2:1},
	pages = {69–95},
	sortname = {Leuven-Zwart, Kitty M. van},
	title = {Translation and Original. {Similarities} and Dissimilarities, {II}},
	volume = {\biberror{no volume}},
	year = {1990}
}

@article{Leuven-Zwart1989,
	address = {Amsterdam and Philadelphia},
	author = {Leuven-Zwart, Kitty M. van},
	journal = {Target},
	number = {1:2},
	pages = {151–181},
	publisher = {John Benjamins},
	sortname = {Leuven-Zwart, Kitty M. van},
	title = {Translation and Original. {Similarities} and Dissimilarities, I},
	volume = {\biberror{no volume}},
	year = {1989}
}

@article{Krifka1993,
	author = {Krifka, Manfred},
	journal = {Journal of Semantics,},
	number = {4},
	pages = {269--300},
	title = {Focus and presupposition in dynamic interpretation},
	volume = {10},
	year = {1993}
}

@article{Korzen2001,
	author = {Korzen, Iørn},
	journal = {Lingua nostra LXII},
	page = {107-126},
	pages = {\biberror{no pages}},
	sortname = {Korzen, Iorn},
	title = {Anafore e relazioni anaforiche. {Un} approccio pragmatico-cognitivo},
	volume = {\biberror{no volume}},
	year = {2001}
}

@article{JustesonKatz:1993,
	author = {John S. Justeson and Slava M. Katz},
	issue = {1},
	journal = {Computational Linguistics},
	pages = {1--27},
	sortname = {John S. Justeson and Slava M. Katz},
	title = {Principled Disambiguation. {D}iscriminating                   Adjective Senses With Modified Nouns},
	volume = {21},
	year = {1995}
}

@article{John:1996:TTP:1462965.1462967,
	author = {John, Bonnie E.},
	issue = {4},
	journal = {Human--Computer Interaction},
	pages = {321--355},,
	sortname = {John, Bonnie E.},
	title = {{TYPIST}: {A} Theory of Performance in Skilled Typing},
	volume = {11},
	year = {1996}
}

@article{John1996,
	author = {John, Bonnie E.},
	journal = {Human-Computer Interaction},
	number = {4},
	pages = {321–355},
	sortname = {John, Bonnie E.},
	title = {Typist: {A} theory of performance in skilled typing},
	volume = {11},
	year = {1996}
}

@article{Hopper1984,
	author = {Hopper, Paul J. and Thompson, Sandra A.},
	journal = {Language},
	number = {4},
	pages = {703–752},
	sortname = {Hopper, Paul J. and Thompson, Sandra A.},
	title = {The discourse basis for lexical categories in Universal Grammar},
	volume = {60},
	year = {1984}
}

@article{Hegarty2001,
	author = {Michael Hegarty and {Jeanette K.} Gundel and Kaja Borthen},
	journal = {Theoretical Linguistics},
	number = {2-3},
	pages = {163--186},
	sortname = {Michael Hegarty and {Jeanette K.} Gundel and Kaja Borthen},
	title = {Information structure and the accessibility of clausally introduced referents},
	volume = {27},
	year = {2001}
}

@article{Harris1952,
	author = {Harris, Zellig S.},
	journal = {Language},
	number = {28},
	pages = {1–30},
	sortname = {Harris, Zellig S.},
	title = {Discourse analysis},
	volume = {\biberror{no volume}},
	year = {1952}
}

@article{Hansen-SchirraEtAl2007,
	author = {Hansen-Schirra, Silvia and Stella Neumann and Erich Steiner},
	journal = {Languages in Contrast},
	number = {7},
	pages = {241--265},
	title = {Cohesion and Explicitation in an {{{English}}-{German}} Translation Corpus},
	volume = {2},
	year = {2007}
}

@article{Hallyday1967,
	author = {Halliday, Michael A. K.},
	journal = {Journal of Linguistics},
	number = {3},
	pages = {199--244},
	sortname = {Halliday, Michael A. K.},
	title = {Notes on transitivity and theme in {{English}} part {II}},
	volume = {\biberror{no volume}},
	year = {1967}
}

@article{Gries2005,
	author = {{Stefan Th.} Gries},
	journal = {Corpus Linguistics and Linguistic Theory},
	pages = {277--294},
	sortname = {{Stefan Th.} Gries},
	title = {Null-hypothesis significance testing of word frequencies: {A} follow-up on {K}ilgarriff},
	volume = {1},
	year = {2005}
}

@article{Frey2004,
	author = {Werner Frey},
	journal = {Linguistische Berichte},
	pages = {53--190},
	title = {A medial topic position for {G}erman},
	volume = {198},
	year = {2004}
}

@article{Fabricius-Hansen1996,
	author = {Fabricius-Hansen, Cathrine},
	journal = {Linguistics},
	number = {34},
	pages = {521--565},
	title = {Informational Density: {A} Problem for Translation and Translation Theory},
	volume = {\biberror{no volume}},
	year = {1996}
}

@article{Dyvik1995,
	author = {Dyvik, Helge},
	journal = {Computers and the Humanities},
	number = {28},
	pages = {225–234},
	title = {Exploiting Structural Similarities in Machine Translation},
	volume = {\biberror{no volume}},
	year = {1995}
}

@article{Dunn2011,
	author = {Dunn, Michael and Greenhill, Simon J. and Levinson, Stephen C. and Gray, Russell D.},
	journal = {Nature},
	number = {473},
	pages = {79--82},
	sortname = {Dunn, Michael and Greenhill, Simon J. and Levinson, Stephen C. and Gray, Russell D.},
	title = {Evolved structure of language shows lineage-specific trends in word-order universals},
	volume = {\biberror{no volume}},
	year = {2011}
}

@article{Dorr2010,
	author = {B{onnie J.} Dorr and David Farwell and Rebecca Green and Nizar Habash and Stephen Helmreich and Eduard Hovy and Lori Levin and {Keith J.} Miller and Teruko Mitamura and Owen Rambow and Florence Reeder and Advaith Siddharthan},
	journal = {Journal of Natural Language Engineering},
	number = {3},
	pages = {197{--}243},
	sortname = {B{onnie J.} Dorr and David Farwell and Rebecca Green and Nizar Habash and Stephen Helmreich and Eduard Hovy and Lori Levin and {Keith J.} Miller and Teruko Mitamura and Owen Rambow and Florence Reeder and Advaith Siddharthan},
	title = {Interlingual Annotation of Parallel Text Corpora: {A} New Framework for Annotation and Evaluation},
	volume = {16},
	year = {2010}
}

@article{Dorr1994,
	author = {Dorr, Bonnie J.},
	journal = {Computational Linguistics},
	number = {4},
	pages = {597–633},
	sortname = {Dorr, Bonnie J.},
	title = {Machine Translation Divergences: {A }Formal Description and Proposed Solution},
	volume = {20},
	year = {1994}
}

@article{CraciunescuEtAl2004,
	author = {Craciunescu, Olivia and Gerding-Salas, Constanza and Stringer-O'Keeffe, Susan},
	journal = {Translation Journal},
	number = {3},
	pages = {\biberror{no pages}},
	sortname = {Craciunescu, Olivia and Gerding-Salas, Constanza and Stringer-O'Keeffe, Susan},
	title = {Machine Translation and {Computer-Assisted} Translation: {A} New Way of Translating?},
	url = {http://translationjournal.net/journal/ 29computers.htm},
	volume = {8},
	year = {2004}
}

@article{Cornish2009,
	address = {Amsterdam},
	author = {Cornish, Francis},
	booktitle = {Text and discourse as context: {D}iscourse anaphora and the {{FDG}} Contextual Component},
	editor = {Keizer, Evelien and Wanders, Gerry},
	journal = {Web Papers in Functional Discourse Grammar},
	number = {82},
	page = {97-115},
	pages = {\biberror{no pages}},
	publisher = {Universiteit van Amsterdam},
	title = {Text and discourse as context: {D}iscourse anaphora and the {{FDG}} Contextual Component},
	volume = {\biberror{no volume}},
	year = {2009}
}

@article{Carletta97thereliability,
	author = {Jean Carletta and Amy Isard and Stephen Isard and Jacqueline C. Kowtko and Gwyneth Doherty-Sneddo and Anne H. Anderson},
	journal = {Computational Linguistics},
	pages = {13--31},
	sortname = {Jean Carletta and Amy Isard and Stephen Isard and Jacqueline C. Kowtko and Gwyneth Doherty-Sneddo and Anne H. Anderson},
	title = {The reliability of a dialogue structure coding scheme},
	volume = {23},
	year = {1997}
}

@article{Carl2010,
	author = {Carl, M. and Jakobsen, A. L.},
	journal = {International Journal of Speech Technology},
	number = {4},
	pages = {124--146},
	sortname = {Carl, M. and Jakobsen, A. L.},
	title = {Towards statistical modelling of translators’ activity data},
	volume = {12},
	year = {2010}
}

@article{Becher2010,
	author = {Becher, Viktor},
	journal = {Across Languages and Cultures},
	number = {11},
	pages = {1–28},
	title = {Abandoning the notion of translation-inherent explicitation: {A}gainst a dogma of translation studies},
	volume = {1},
	year = {2010}
}

@article{Bateman1997,
	author = {Bateman, John A. and Rondhuis, Klaas Jan},
	journal = {Discourse Processes},
	number = {24},
	pages = {3--49},
	sortname = {Bateman, John A. and Rondhuis, Klaas Jan},
	title = {Coherence relations: {T}owards a general specification},
	volume = {\biberror{no volume}},
	year = {1997}
}

@article{Baroni2006,
	author = {Baroni, Marco and Bernardini, Silvia},
	journal = {Literary and Linguistic Computing},
	number = {3},
	pages = {259–274},
	title = {A new approach to the study of translationese: {M}achine-learning the difference between original and translated text},
	volume = {21},
	year = {2006}
}

@article{Asher2005,
	author = {Asher, Nicholas and Vieu, Laure},
	journal = {Lingua},
	number = {115},
	pages = {591–610},
	title = {Subordinating and coordinating discourse relations},
	volume = {\biberror{no volume}},
	year = {2005}
}

@misc{Christensen:11,
	author = {Rune Haubo Bojesen Christensen},
	note = {R package version 2011.09-14},
	title = {Analysis of Ordinal Data With Cumulative Link Models -- {{E}}stimation with the \emph{ordinal} package},
	url = {http://www.cran.r-project.org/web/packages/ordinal},
	year = {2011}
}

@mastersthesis{Gow:03,
	author = {Francie Gow},
	school = {University of Ottawa},
	title = {Metrics for Evaluating Translation Memory Software},
	year = 2003
}

@manual{sigf06,
	author = {Sebastian Pad\'o},
	title = {User's Guide to \texttt{sigf}: {S}ignificance                   Testing by Approximate Randomisation},
	year = {2006}
}

@inproceedings{snow-EtAl:2008:EMNLP,
	address = {Honolulu, HI, USA},
	author = {Snow, Rion and O'Connor, Brendan and Jurafsky,                   Daniel and Ng, Andrew},
	booktitle = {{Proceedings of the 2008 Conference on Empirical                   Methods in Natural Language Processing}},
	pages = {254--263},
	title = {Cheap and Fast -- {B}ut is it Good? {{E}}valuating                   {Non-{E}}xpert Annotations for Natural Language Tasks},
	url = {http://www.aclweb.org/anthology/D08-1027},
	year = {2008}
}

@inproceedings{bohnet:2010:PAPERS,
	address = {Beijing, China},
	author = {Bohnet, Bernd},
	booktitle = {{Proceedings of {COLING}}},
	pages = {89--97},,
	title = {Top Accuracy and Fast Dependency Parsing is not a                   Contradiction},
	year = {2010}
}

@inproceedings{Zanettin:02,
	address = {Las Palmas de Gran Canaria, Spain},,
	author = {Federico Zanettin},
	booktitle = {{Proceedings of the {LREC} Workshop Language Resources                   for Translation Work}},
	pages = {10--14},
	title = {Corpora in Translation Practice},
	year = {2002}
}

@inproceedings{Papineni:02,
	address = {Philadelphia, PA, USA},
	author = {Papineni, Kishore and Roukos, Salim and Ward, Todd                   and Zhu, Wei-Jing},
	booktitle = {{Proceedings of the 40th Annual Meeting on                   Association for Computational Linguistics}},
	pages = {311--318},,
	title = {{{BLEU}}: {A} Method for Automatic Evaluation of                   Machine Translation},
	year = {2002}
}

@inproceedings{LanglaisETAL:00,
	address = {Seattle, {WA}},
	author = {Philippe Langlais and George Foster and Guy Lapalme},
	booktitle = {{Proceedings of {{ANLP-NAACL}} Workshop on Embedded                   Machine Translation Systems}},
	title = {{{TransType}}: {A} Computer-Aided Translation Typing                   System},
	year = 2000
}

@inproceedings{KoehnHaddow:09,
	address = {Ottawa, Ontario, Canada},
	author = {Philipp Koehn and Barry Haddow},
	booktitle = {{Proceedings of Machine Translation Summit {XII}}},
	title = {Interactive Assistance to Human Translators Using                   Statistical Machine Translation Methods},
	year = 2009
}

@inproceedings{Koehn:10,
	address = {Los Angeles, {CA}},
	author = {Philipp Koehn},
	booktitle = {{Proceedings of the Human Language Technologies: {T}he                   2010 Annual Conference of the {North} American Chapter                   of the {{ACL}}}},
	title = {Enabling Monolingual Translators: {{P}ost-Editing}                   vs. {O}ptions},
	year = 2010
}

@inproceedings{Koehn:05,
	address = {Phuket, Thailand},
	annote = {HP http://www.statmt.org/europarl},
	author = {Philipp Koehn},
	booktitle = {{Proceedings of the Tenth Machine Translation Summit}},
	pages = {79--86},
	title = {Europarl: {A} Parallel Corpus for Statistical                   Machine Translation},
	url = {http://mt-archive.info/MTS-2005-Koehn.pdf},
	year = {2005}
}

@incollection{hedeker05:_gener_linear_mixed_model,
	address = {\biberror{no address}},
	author = {Donald Hedeker},
	booktitle = {Encyclopedia of Statistics in Behavioral Science},
	editor = {\biberror{no editor}},
	pages = {\biberror{no pages}},
	publisher = {Wiley, New York},
	title = {Generalized Linear Mixed Models},
	year = 2005
}

@incollection{House:98,
	address = {New York},
	author = {Juliane House},
	booktitle = {{Routledge} Encyclopedia of Translation Studies},
	editor = {Mona Baker},
	pages = {197--200},
	publisher = {Routledge},
	title = {Quality of Translation},
	year = {1998}
}

@incollection{Freigang:98,
	address = {New York},
	author = {Karl-Heinz Freigang},
	booktitle = {{Routledge} Encyclopedia of Translation Studies},
	editor = {Mona Baker},
	pages = {134--139},
	publisher = {Routledge},
	title = {{Machine-Aided} Translation},
	year = {1998}
}

@book{Toury,
	address = {Amsterdam, The Netherlands},
	author = {Gideon Toury},
	number = {4},
	publisher = {John Benjamins},
	series = {Benjamin Translation Library},
	title = {Descriptive Translation Studies and Beyond},
	year = {1995}
}

@book{Reiss:1971,
	address = {M{\"u}nchen, Germany},
	annote = {reviewer's suggestion},
	author = {Rei{\ss}, Katharina},
	number = {12},
	publisher = {Max Hueber Verlag},
	series = {Hueber Hochschulreihe},
	sortname = {Rei{\ss}, Katharina},
	title = {M{\"o}glichkeiten und Grenzen der                   {\"{U}}bersetzungskritik: {K}ategorien und Kriterien                   f{\"u}r eine sachgerechte Beurteilung von                   {\"{U}}bersetzungen},
	year = {1971}
}

@book{Koehn:10:SMT,
	address = {\biberror{no address}},
	author = {Philipp Koehn},
	publisher = {Cambridge University Press},
	title = {Statistical Machine Translation},
	year = 2010
}

@book{Bowker:02,
	address = {\biberror{no address}},
	author = {Lynne Bowker},
	publisher = {University of Ottawa Press},
	title = {{Computer-Aided} Translation Technology -- {A}                   Practical Introduction},
	year = {2012}
}

@article{sharoff04:_harnes_lawles,
	author = {Serge Sharoff},
	journal = {Journal of Applied Linguistics},
	number = {3},
	pages = {333--350},
	title = {Harnessing the Lawless: {{U}}sing Comparable Corpora                   to Find Translation Equivalents},
	volume = {1},
	year = {2004}
}

@article{mohammad11:_crowd_word_emotion_assoc_lexic,
	author = {Saif Mohammad and Peter Turney},
	journal = {Computational Intelligence},
	note = {To appear},
	pages = {\biberror{no pages}},
	title = {Crowdsourcing a {Word--Emotion} Association Lexicon},
	volume = {\biberror{no volume}},
	year = {2011}
}

@article{mcgill78:_variat_of_box_plots,
	author = {Robert McGill and John W. Tukey and Wayne A. Larsen},
	journal = {The American Statistician},
	number = {1},
	pages = {12--16},
	sortname = {Robert McGill and John W. Tukey and Wayne A. Larsen},
	title = {Variations of Box Plots},
	volume = {32},
	year = {1978}
}

@article{keller09:_timin_accur_of_web_exper,
	author = {Frank Keller and Subahshini Gunasekharan and Neil                   Mayo and Martin Corley},
	journal = {Behavior Research Methods},
	number = {1},
	pages = {1--12},
	title = {Timing Accuracy of Web Experiments: {A} Case Study                   Using the {{WebExp}} Software Package},
	volume = {41},
	year = {2009}
}

@article{jaeger08:_categ_data_analy,
	author = {T. Florian Jaeger},
	journal = {Journal of Memory and Language},
	number = {4},
	pages = {434--446},
	sortname = {T. Florian Jaeger},
	title = {Categorical Data Analysis: {A}way from {{ANOVA}}s and                   toward Logit Mixed Models},
	volume = {59},
	year = {2008}
}

@article{clark07:_wide_cover_effic_statis_parsin,
	author = {Stephen Clark and James R. Curran},
	journal = {Computational Linguistics},
	number = 4,
	pages = {\biberror{no pages}},
	sortname = {Stephen Clark and James R. Curran},
	title = {{Wide-Coverage} Efficient Statistical Parsing with                   {CCG} and {Log}-Linear Models},
	volume = {33},
	year = {2007}
}

@article{carl12:_insid_monit_model,
	author = {Michael Carl and Barbara Dragsted},
	issuetitle = {Special Issue on Contrastive Linguistic, Translation Studies, and Machine Translation},
	journal = {Translation: Computation, Corpora, Cognition},
	number = {1},
	pages = {\biberror{no pages}},
	title = {Inside the Monitor Model: {P}rocesses of Default and                   Challenged Translation Production},
	volume = {2},
	year = {2012}
}

@article{BarrachinaETAL:08,
	author = {Sergio Barrachina and Oliver Bender and Francisco                   Casacuberta and Jorge Civera and Elsa Cubel and                   Shahram Kadivi and Antonio Lagarda and Hermann Ney                   and Jesus Thomas and Enrique Vidal and Juan-Miguel                   Vilar},
	journal = {Computational Linguistics},
	number = {1},
	pages = {3--28},
	title = {Statistical Approaches to {Computer-Assisted}                   Translation},
	volume = {35},
	year = {2008}
}

@article{BaayenEtAl:08,
	author = {R. H. Baayen and D. J. Davidson and D. M. Bates},
	journal = {Journal of Memory and Language},
	pages = {390--412},
	sortname = {R. H. Baayen and D. J. Davidson and D. M. Bates},
	title = {Mixed Effects Modeling With Crossed Random Effects                   for Subjects and Items},
	volume = {59},
	year = {2008}
}