
@article{hainsworth_greek_1967,
	title = {Greek {Views} of {Greek} {Dialectology}},
	volume = {65},
	issn = {0079-1636},
	language = {English},
	journal = {Transactions of the Philological Society},
	author = {Hainsworth, J. B.},
	year = {1967},
	pages = {62--76},
	keywords={secondary}
}

@book{colvin_dialect_1999,
	address = {Oxford},
	title = {Dialect in {Aristophanes} and the {Politics} of {Language} in {Ancient} {Greek} {Literature}},
	isbn = {978-0-19-815249-1},
	shorttitle = {Dialect in {Aristophanes}},
	abstract = {Did the Greeks find it amusing, irritating, or threatening when they heard another Greek speaking in a different dialect? This book exploits the evidence of ancient Greek comedy in an attempt to answer some of the questions about ancient language attitudes. Colvin draws conclusions from a comparative study of the language of dialect speaking characters and other foreigners in Old Comedy, and on an examination of linguistic attitudes in other genres of Greek literature.},
	language = {en},
	publisher = {Clarendon Press},
	author = {Colvin, Stephen},
	year = {1999},
	note = {vooral mémoire},
	keywords = {Drama / Ancient \& Classical, Drama / General, Language Arts \& Disciplines / Linguistics / Psycholinguistics, Language Arts \& Disciplines / Linguistics / Sociolinguistics, Literary Criticism / Ancient \& Classical, Literary Criticism / Drama},
	keywords={secondary}
}

@incollection{mackridge_mothers_2009,
	address = {Farnham \& Burlington},
	series = {The {Centre} for {Hellenic} {Studies}, {King}'s {College} {London}, {Publications}},
	title = {Mothers and {Daughters}, {Roots} and {Branches}: {Modern} {Greek} {Perceptions} of the {Relationship} between the {Ancient} and {Modern} {Languages}},
	isbn = {978-0-7546-9636-0},
	abstract = {This volume brings together scholars from different disciplines, with a variety of perspectives, linguistic and literary, historical and social, to address issues of control, prescription, planning and perceptions of value, processes of establishing a standard and practices and ideologies of standardization, over the long history of the Greek language, from the age of Homer to the present day. With a wide range of topics, from contested educational initiatives to competing understandings of the Greek language, from the Hellenistic koine to cyber-Greek, the volume provides a series of informed overviews and snapshots of telling cases that both illuminate the history of Greek and explore the nature of language standardization itself. The volume will be important for students and scholars of the Greek language, past and present, and, beyond the Greek example, for sociolinguists, historians and social scientists with interests in the role of language in the construction of identities.},
	language = {en},
	number = {12},
	booktitle = {Standard {Languages} and {Language} {Standards}: {Greek}, {Past} and {Present}},
	publisher = {Ashgate},
	author = {Mackridge, Peter},
	editor = {Georgakopoulou, Alexandra and Silk, Michael},
	year = {2009},
	keywords = {History / Ancient / General, History / Military / Nuclear Warfare, History / Modern / 20th Century},
	pages = {259--276},
	keywords={secondary}
}

@article{morpurgo_davies_greek_1987,
	title = {The {Greek} {Notion} of {Dialect}},
	volume = {10},
	language = {lat},
	journal = {Verbum},
	author = {Morpurgo Davies, Anna},
	year = {1987},
	pages = {7--28},
	keywords={secondary}
}

@article{bonfante_ideas_1953,
	title = {Ideas on the {Kinship} of the {European} {Languages} from 1200 to 1800},
	volume = {1},
	language = {lat},
	journal = {Cahiers d'Histoire Mondiale {\textbar} Journal of world history {\textbar} Cuadernos de historia mundial},
	author = {Bonfante, Giuliano},
	year = {1953},
	keywords = {Europe, Kinship between languages, Languages of Europe, Origin  of the vernacular, Primigenial language, Semitic languages},
	pages = {679--699},
	keywords={secondary}
}

@book{adams_regional_2007,
	address = {Cambridge},
	title = {The {Regional} {Diversification} of {Latin} 200 {BC}–{AD} 600},
	isbn = {978-1-139-46881-7},
	abstract = {Classical Latin appears to be without regional dialects, yet Latin evolved in little more than a millennium into a variety of different languages (the Romance languages: Italian, French, Spanish, Portuguese etc.). Was regional diversity apparent from the earliest times, obscured perhaps by the standardisation of writing, or did some catastrophic event in late antiquity cause the language to vary? These questions have long intrigued Latinists and Romance philologists, struck by the apparent uniformity of Latin alongside the variety of Romance. This book establishes that Latin was never geographically uniform. The changing patterns of diversity and the determinants of variation are examined from the time of the early inscriptions of Italy, through to late antiquity and the beginnings of the Romance dialects in the western Roman provinces. This is the most comprehensive treatment ever undertaken of the regional diversification of Latin throughout its history in the Roman period.},
	language = {en},
	publisher = {Cambridge University Press},
	author = {Adams, James Noel},
	year = {2007},
	note = {Lat.Oud.: verwerkt
deinst terug voor gebruik term 'dialect' ={\textgreater} 'varieties' e.d. in de plaats},
	keywords = {Business \& Economics / Industries / General, Foreign Language Study / Ancient Languages, History / Ancient / General, Language Arts \& Disciplines / General, Language Arts \& Disciplines / Linguistics / General, Language Arts \& Disciplines / Linguistics / Historical \& Comparative},
	keywords={secondary}
}

@incollection{dahan_arabe_1995,
	address = {Tübingen},
	series = {Geschichte der {Sprachtheorie}},
	title = {L'arabe, le grec, l'hébreu et les vernaculaires},
	language = {français},
	number = {3},
	booktitle = {Sprachtheorien in {Spätantike} und {Mittelalter}},
	publisher = {G. Narr},
	author = {Dahan, Gilbert and Rosier, Irène and Valente, Luisa},
	editor = {Ebbesen, Sten},
	year = {1995},
	note = {zie document},
	keywords = {Langues vivantes -- Étude et enseignement -- Moyen âge, Linguistique comparée},
	pages = {265--321},
	file = {Library Catalog Entry Snapshot:C\:\\Users\\u0088685\\Zotero\\storage\\CNNEGWF7\\SRCH.html:text/html},
	keywords={secondary}
}

@book{siebenborn_lehre_1976,
	address = {Amsterdam},
	title = {Die {Lehre} von der {Sprachrichtigkeit} und ihren {Kriterien}: {Studien} zur antiken normativen {Grammatik}},
	isbn = {978-90-6032-049-5},
	shorttitle = {Die {Lehre} {Von} der {Sprachrichtigkeit} und {Ihren} {Kriterien}},
	language = {de},
	publisher = {B. R. Grüner},
	author = {Siebenborn, Elmar},
	year = {1976},
	note = {p. 149-151
LKLS: Classical Studies (sixth floor) LKLS	2438 SIEB
prescriptieve grammatica is nauw verwant aan het concept van standaardtaal
vooral mémoire},
	keywords = {Language Arts \& Disciplines / Linguistics / General},
	keywords={secondary}
}

@book{weiss_medieval_1977,
	address = {Padova},
	series = {Medioevo e umanesimo},
	title = {Medieval and {Humanist} {Greek}: {Collected} {Essays}},
	shorttitle = {Medieval and humanist {Greek}},
	language = {lat},
	number = {8},
	publisher = {Antenore},
	author = {Weiss, Roberto},
	year = {1977},
	note = {p. 86, note 38: Bacon's grammar {\textless} c. 1268},
	keywords={secondary}
}

@book{bischoff_mittelalterliche_1981,
	address = {Stuttgart},
	title = {Mittelalterliche {Studien}: {Ausgewählte} {Aufsätze} zur {Schriftkunde} und {Literaturgeschichte}},
	isbn = {3-7772-8109-3},
	shorttitle = {Mittelalterliche {Studien}},
	language = {ger},
	publisher = {Hiersemann},
	author = {Bischoff, Bernhard},
	year = {1981},
	note = {aan refereren
I: 246-275 "Das griechische Element in der abendländischen Bildung des Mittelalters"},
	keywords = {09 {\textless}081 BISCHOFF, BERNHARD{\textgreater} Handschriften. Oude en merkwaardige drukken. Curiosa--Verzameld werk van individuele auteurs--BISCHOFF, BERNHARD, 091.14:003 Codices: schrift-- Zie ook: \{930.272\} Paleografie, 873.3 {\textless}08{\textgreater} Middeleeuws Latijnse literatuur--Verzamelwerken. Reeksen},
	keywords={secondary}
}

@book{dickey_ancient_2007,
	address = {Oxford \& New York},
	series = {American {Philological} {Association} {Classical} {Resources} {Series}},
	title = {Ancient {Greek} {Scholarship}: {A} {Guide} to {Finding}, {Reading}, and {Understanding} {Scholia}, {Commentaries}, {Lexica}, and {Grammatical} {Treatises}, from {Their} {Beginnings} to the {Byzantine} {Period}},
	isbn = {978-0-19-804266-2},
	shorttitle = {Ancient {Greek} {Scholarship}},
	abstract = {Ancient greek scholarship constitutes a precious resource for classicists, but one that is underutilized because graduate students and even mature scholars lack familiarity with its conventions. The peculiarities of scholarly Greek and the lack of translations or scholarly aids often discourages readers from exploiting the large body of commentaries, scholia, lexica, and grammatical treatises that have been preserved on papyrus and via the manuscript tradition. Now, for the first time, there is an introduction to such scholarship that will enable students and scholars unfamiliar with this material to use it in their work. Ancient Greek Scholarship includes detailed discussion of the individual ancient authors on whose works scholia, commentaries, or single-author lexica exist, together with explanations of the probable sources of that scholarship and the ways it is now used, as well as descriptions of extant grammatical works and general lexica. These discussions, and the annotated bibliography of more than 1200 works, also include evaluations of the different texts of each work and of a variety of electronic resources. This book not only introduces readers to ancient scholarship, but also teaches them how to read it. Here readers will find a detailed, step-by-step introduction to the language, a glossary of over 1500 grammatical terms, and a set of more than 200 passages for translation, each accompanied by commentary. The commentaries offer enough help to enable undergraduates with as little as two years of Greek to translate most passages with confidence; in addition, readers are given aids to handling the ancient numerical systems, understanding the references found in works of ancient scholarship, and using an apparatus criticus (including an extensive key to the abbreviations used in an apparatus). Half the passages are accompanied by a key, so that the book is equally suitable for those studying on their own and for classes with graded homework.},
	language = {en},
	number = {7},
	publisher = {Oxford University Press},
	author = {Dickey, Eleanor},
	year = {2007},
	keywords = {Literary Criticism / Ancient \& Classical},
	keywords={secondary}
}

@article{von_raumer_schrift_1856,
	title = {Die {Schrift} des {Hieronymus} {Wolf} {De} orthographia {Germanica}, ac potius {Suevica} nostrate in ihrer {Beziehung} zur neuhochdeutschen {Schriftsprache}},
	volume = {1},
	language = {de},
	journal = {Germania: Vierteljahrsschrift für deutsche Alterthumskunde},
	author = {von Raumer, Rudolf},
	year = {1856},
	pages = {160--165},
	keywords={secondary}
}

@article{jellinek_uber_1898,
	title = {Über die schrift des {Hieronymus} {Wolf} {De} orthographia {Germanica}, ac potius {Suevica} nostrate},
	volume = {30},
	language = {de},
	journal = {Zeitschrift für deutsche Philologie},
	author = {Jellinek, Max Hermann},
	year = {1898},
	pages = {251--255},
	keywords={secondary}
}

@article{de_vooys_pontus_1917,
	title = {Pontus de {Heuiter}, een taal- en spelling-hervormer uit de zestiende eeuw},
	volume = {11},
	language = {nederlands},
	journal = {De Nieuwe Taalgids},
	author = {de Vooys, C. G. N.},
	year = {1917},
	pages = {1--18},
	keywords={secondary}
}

@book{consani_:_1991,
	address = {Pisa},
	series = {Testi linguistici},
	title = {{ΔΙΑΛΕΚΤΟΣ}: {Contributo} alla storia del concetto di "dialetto"},
	shorttitle = {Dialektos},
	language = {Italian},
	number = {18},
	publisher = {Giardini},
	author = {Consani, Carlo},
	year = {1991},
	note = {15-68: ancient Greece and Byzantium
48-53: place of koinè
75-91; 161-163: vroegmodern
151-156: Bacon
156-160: Dante},
	keywords = {ancient Greek - concept, concept},
	keywords={secondary}
}

@article{haugen_dialect_1966,
	title = {Dialect, {Language}, {Nation}},
	volume = {68},
	issn = {0002-7294},
	abstract = {{\textless}p{\textgreater}The impossibility of stating precisely how many "languages" or "dialects" are spoken in the world is due to the ambiguities of meaning present in these terms, which is shown to stem from the original use of "dialect" to refer to the literary dialects of ancient Greece. In most usages the term "language" is superordinate to "dialect," but the nature of this relationship may be either linguistic or social, the latter problem falling in the province of sociolinguistics. It is shown how the development of a vernacular, popularly called a dialect, into a language is intimately related to the development of writing and the growth of nationalism. This process is shown to involve the selection, codification, acceptance, and elaboration of a linguistic norm.{\textless}/p{\textgreater}},
	language = {English},
	number = {4},
	journal = {American Anthropologist},
	author = {Haugen, Einar},
	year = {1966},
	note = {zie fysiek artikel ={\textgreater} notities + markeringen},
	keywords = {concept},
	pages = {922--935},
	keywords={secondary}
}

@article{bischoff_study_1961,
	title = {The {Study} of {Foreign} {Languages} in the {Middle} {Ages}},
	volume = {36},
	copyright = {Copyright © 1961 Medieval Academy of America},
	issn = {0038-7134},
	doi = {10.2307/2847789},
	language = {lat},
	number = {2},
	urldate = {2013-11-14},
	journal = {Speculum: A Journal of Mediaeval Studies},
	author = {Bischoff, Bernhard},
	year = {1961},
	note = {barely any study of Greek ={\textgreater} because “no useful Greek grammar on a Latin basis survived”
only way to learn it = contact with South Italian and Byzantine Greeks
deformation of Greek words
216: examples
Bacon criticized this, but the tradition lived on till the end of the MA
217-218: Italian-vernacular Greek lexica (with basic words)
218-219: Latin-vernacular Greek phrases
conclusion: very basic and inadequate grammars of ancient Greek and lexica/phrases in vernacular Greek},
	pages = {209--224},
	file = {JSTOR Full Text PDF:C\:\\Users\\u0088685\\Zotero\\storage\\AHN56X9N\\Bischoff - 1961 - The Study of Foreign Languages in the Middle Ages.pdf:application/pdf},
	keywords={secondary}
}

@article{carruthers_varietas:_2009,
	title = {Varietas: {A} {Word} of {Many} {Colours}},
	volume = {41},
	issn = {0303-4178},
	shorttitle = {Varietas},
	language = {German},
	number = {1},
	journal = {Poetica},
	author = {Carruthers, Mary J},
	year = {2009},
	note = {verwerkt},
	pages = {11--32},
	keywords={secondary}
}

@incollection{forstel_griechische_1999,
	address = {Stuttgart},
	series = {Pforzheimer {Reuchlinschriften}},
	title = {Die griechische {Grammatik} im {Umkreis} {Reuchlins}: {Untersuchungen} zur {\textgreater}{Wanderung}{\textless} der griechischen {Studien} von {Italien} nach {Deutschland}},
	language = {German},
	number = {7},
	urldate = {2013-10-15},
	booktitle = {Reuchlin und {Italien}},
	publisher = {Jan Thorbecke},
	author = {Förstel, Christian},
	editor = {Dörner, Gerald},
	year = {1999},
	note = {vooral: 51-56
tverw
abebooks besteld},
	pages = {45--56},
	keywords={secondary}
}

@book{melzi_castelvetros_1966,
	address = {The Hague \& Paris},
	series = {Studies in {Italian} literature},
	title = {Castelvetro's {Annotations} to the {Inferno}: {A} {New} {Perspective} in {Sixteenth} {Century} {Criticism}},
	copyright = {http://catalog.hathitrust.org/api/volumes/oclc/2038931.html},
	language = {English},
	number = {1},
	urldate = {2014-01-23},
	publisher = {Mouton},
	author = {Melzi, Robert C.},
	year = {1966},
	note = {on Castelvetro's linguistic views},
	keywords={secondary}
}

@book{saladin_bataille_2000,
	address = {Paris},
	title = {La bataille du grec à la {Renaissance}},
	isbn = {978-2-251-38047-6},
	abstract = {Le grec, disparu d'Europe depuis les Grandes Invasions, fit un retour spectaculaire au XVe siècle. Mais l'enthousiasme des humanistes pour la langue d'Homère a fait oublier la violence des résistances que lui opposèrent les maîtres scolastiques. Lorsque Erasme osa contester la Vulgate latine au nom de la " vérité " grecque (1516), le scandale éclata publiquement et Luther en prit argument pour contester l'autorité de Rome, si bien que les hellénistes furent accusés de faire le jeu de la Réforme. Le statut du grec se vit étroitement lié à celui de l'hébreu, l'autre langue sacrée rivale du latin (l'Affaire Reuchlin). Pour extirper le mal à sa racine, le concile de Trente décida finalement d'imposer la légitimité du latin biblique (1545) et d'interdire l'accès aux sources grecques et hébraïques, puis de mettre à l'index les principaux hellénistes et leurs imprimeurs. Les études grecques allaient en rester durablement affaiblies dans l'Europe de la Contre-Réforme. En faisant revivre les œuvres et les hommes qui en furent les acteurs, et en dévoilant ses véritables enjeux, ce livre retrace les deux siècles de cette bataille du grec, restée un " point aveugle " dans l'histoire de la culture occidentale.},
	language = {fr},
	publisher = {Les belles lettres},
	author = {Saladin, Jean-Christophe},
	year = {2000},
	note = {te gebruiken met Pontani (2002) in Aevum in achterhoofd},
	keywords = {Bible, Byzantine literature, Civilization, Western, Greek language, Medieval and late, Greek literature, Herontdekking Grieks, Humanism, Language question in the church},
	keywords={secondary}
}

@article{cassio_il_1984,
	title = {Il 'carattere' dei dialetti greci e l'opposizione {Ioni}-{Dori}: {Testimonianze} antiche e teorie di età romantica (su {Arist}. {Quint}. 2. 13, {Iambl}. \textit{v. {Pyth}.} 241 sgg., \textit{sch. in} {Dion}. {Thr}. p. 117, 18 sgg. {Hilgard})},
	volume = {6},
	language = {Italian},
	journal = {ΑΙΩΝ: Annali del Dipartimento di Studi del Mondo Classico e del Mediterraneo Antico. Sezione linguistica},
	author = {Cassio, Albio Cesare},
	year = {1984},
	note = {128-131: Iamblichus
toch nog eens kijken naar die 'romantische' theorie},
	pages = {113--136},
	keywords={secondary}
}

@article{lambert_les_2009,
	title = {Les noms des langues chez les {Grecs}},
	volume = {31},
	language = {fre},
	number = {2},
	journal = {Histoire Épistémologie Langage},
	author = {Lambert, Frédéric},
	year = {2009},
	pages = {15--27},
	keywords={secondary}
}

@incollection{colvin_greek_2010,
	address = {Malden, Oxford \& Chichester},
	series = {Blackwell {Companions} to the {Ancient} {World}},
	title = {Greek {Dialects} in the {Archaic} and {Classical} {Ages}},
	language = {en},
	booktitle = {A {Companion} to the {Ancient} {Greek} {Language}},
	publisher = {Wiley-Blackwell},
	author = {Colvin, Stephen},
	editor = {Bakker, Egbert J.},
	year = {2010},
	note = {200: standard = later idea},
	pages = {200--212},
	keywords={secondary}
}

@book{dionisotti_gli_1968,
	address = {Firenze},
	series = {Bibliotechina del {Saggiatore}},
	title = {Gli umanisti e il volgare fra {Quattro} e {Cinquecento}},
	abstract = {2-3: thesaurus cornucopiae},
	language = {Italian},
	number = {29},
	urldate = {2013-02-11},
	publisher = {Felice Le Monnier},
	author = {Dionisotti, Carlo},
	year = {1968},
	note = {OK
2-3: Aldus Manutius on Greek \& Italian dialectal diversification
16: Marcus Antonius Coccius Sabellicus (1436-1506) "auribus grata"
49-51: change from Latin to vernacular in Renaissance = "mediated" by alleged Greek etymologies for Italian words (emancipation of vernacular by means of Greek)},
	keywords = {concept, context},
	keywords={secondary}
}

@article{rotolo_opinione_1973,
	title = {L'opinione di {F}. {Filelfo} sul greco volgare},
	volume = {20-21 (n.s. 10-11)},
	language = {it},
	journal = {Rivista di studi bizantini e neoellenici},
	author = {Rotolo, Vincenzo},
	year = {1973},
	note = {general: on the importance of Greek diglossia in the debate on the nature of the ancient Latin language
88, note 3: Philelfus to Saxolo in 1441 on language of Peloponnesus: "Accedit quod lingua et ipsa adeo est deprauata ut nihil omnino sapiat priscae illius et eloquentissimae Graeciae. Mores uero barbaria omni barbariores. Quare si me audias, non Peloponnesus tibi sed Thracia, hoc est noua Roma Constantinopolis petenda est. Illic enim et uiri eruditi sunt nonnulli, et culti mores, et sermo etiam nitidus."
88, note 4: education in Constantinople is not only good news: also disappointing ={\textgreater} no Aeolic is taught ther! (in a 1441 letter to Pietro Perleone (ff. 30v-30r)
89: "Per quanto riguardo la purezza della lingua, oltre un secolo dopo anche il Crusius [Raf: 1584: 496] osservava: "Lingua Graeca Constantinopoli hodie purior adhuc est, quam aliis in partibus Graeciae, quia sedes imperii ibi fuit et est", appellandosi subito dopo alla testimonianza del teologo tedesco Gerlach, che soggiornò a Costantinopoli negli anni 1572-1581, per una osservazione da questi fatta circa un particolare che aveva già attirato - come vedremo - l'attenzione di Filelfo: "Doctos Graecos ait Gerlachius expedite et celeriter uetere lingua uti. A feminis item Graecis, ualde diserte et decore popularem [90] linguam pronuntiari."
99: Philelfus ={\textgreater} contacts with foreigners have corrupted Greek ={\textgreater} only court officials and women have safeguarded the archaizing tongue
100: Attic was spoken by women (example = his own Greek wife Theodora, daughter of Johannes Chrysoloras), who spoke "maxime Attica" (isolation ={\textgreater} no corruption)
101-102: summarizing:
- pure and archaic Greek
={\textgreater} mainly Constantinople (court officials \& women), even though there is also corrupt speech spoken there by lower classes
- corrupt Greek (mainly: Peloponnese Greeks)
103: Philelfus knwed vulgar and literary Greek
104, note 1: Guarinus Veronensis claimed that rustics and women preserved the ancient tongue
(in a 1441 letter to Leonello d'Este (Sabbadini 1916: II, 509 ={\textgreater} Epistolario di Guarino veronese)
105: Philelfus' description of the speech of "Alfonso Ateniese" in a 1473 letter: "uulgaris uernaculaque lingua est certe perpolita ac plane Attica" (F. 265R)
106: "le parlate greche fuori Costantinopoli sono deteriori; e poi più particolare: a Costantinopoli la lingua più pura è parlata dai dignitari di corte e dalle donne della buona società."
={\textgreater} early Western testimony of Greek diglossia
"uelata facie" (also in Crusius 1584: 496, but only when talking about women)},
	keywords = {Bilingualism and diglossia, Biondo Flavio °1392-1463, Bracciolini; Poggio °1380-1459, Bruni; Leonardo °ca.1370-1444, Constantinople, Filelfo; Francesco °1398-1481, Greek, Guarini; Guarino Veronese °1374-1460, Italian, Italy, Latin, Literary vs. everyday language, Spoken vs. written language, Vulgar Greek},
	pages = {85--107},
	keywords={secondary}
}

@book{droixhe_linguistique_1978,
	address = {Genève},
	series = {Langue et {Cultures}},
	title = {La linguistique et l'appel de l'histoire (1600-1800): {Rationalisme} et révolutions positivistes},
	language = {fr},
	number = {10},
	publisher = {Droz},
	author = {Droixhe, Daniel},
	year = {1978},
	note = {OK
66: Georg Cruciger (1575-1637), Harmonia (1616)
use of variation among Greek dialects to prove permutations between related languages (3, 2)
123: scandinavia ={\textgreater} study of Germanic dialects booms in second half of the 18th century
247: opposants of centralization ={\textgreater} "revalorisation du fait dialectal"
note 28
327: socialization of language
334-345: L'affirmation dialectale
specific dialect situations (mainly French, Spanish, Portuguese, Germanic) + only 18th century
refer to it with term "affirmation dialectale"
339: Germanic ={\textgreater} dialect as "langue grossière et incorrecte" ({\textless} Pop, zegt-ie), but also sympathy
+ Gustav II Adolph of Sweden, from 1630 onwards, stirred researchers to investigate dialects and toponyms
350: antiquarian interest in dialects},
	keywords = {*Port-Royal, Amerindian languages, Boxhorn; Marcus Zuerius °1602-1653, Chamito-Semitic languages, Descartes; René °1596-1650, Europe, Historical and comparative Linguistics, History of Linguistics, Indo-European languages, Language-origin myths and presumptive languages, Leibniz; Gottfried Wilhelm °1646-1716, Locke; John °1632-1704, Ménage; Gilles °1613-1692, Philosophy and language, Society and language, concept, social, historical, political context},
	keywords={secondary}
}

@incollection{jones_early_2001,
	address = {Berlin \& New York},
	series = {Handbücher zur {Sprach}- und {Kommunikationswissenschaft}},
	title = {Early dialectology, etymology and language history in {German}-speaking countries},
	volume = {2},
	language = {lat},
	number = {18},
	booktitle = {History of the {Language} {Sciences}: {An} {International} {Handbook} on the {Evolution} of the {Study} of {Language} from the {Beginnings} to the {Present}},
	publisher = {Walter de Gruyter},
	author = {Jones, William Jervis},
	editor = {Auroux, Sylvain and Koerner, E. F. K. and Niederehe, Hans-Josef and Versteegh, Kees},
	year = {2001},
	note = {OK, relevant:
1106: "Languages were recognised as tending to diversify into dialects, and then into mutually unintelligible languages (Harsdörffer 1646: 35f.)." ={\textgreater} diachronic approach ... "Hermann von der Hardt claimed (1696) in a letter to Leibniz that as many dialects existed before as after the Flood."
1107: "(Wachter 1727:a4v-a5r). "Nam natura non facit saltum, neque in locorum interuallis, neque in tempore, neque in ulla alia re: [...]. Itaque ex una et primitiua lingua [...] suscitatae sunt primo uariae dialecti [...]. Dialecti paulatim abierunt in linguas [...]. Hunc enim natura continuo seruauit ordinem et quasi legem in nouis sermonibus producendis [...]." ={\textgreater} diachronic approach
"Schottelius thus grandly traced from Babel via Ascenas an ancestral language 'not unjustly called Celtic", which diversified into dialects, but with its essential continuity unbroken across three millennia (1663: 42, 126, 129, 151-152)."
1108: "Johann Bödiker (1690) considered that the 72 languages emerging from Babel were not "Hauptsprachen" but dialects; and of "Hauptsprachen" only three existed, Hebrew and its descendants Celtic-German and Slavonic." ={\textgreater} dialectolog. interpret. of Babel
1109: "Wachter saw Alemannic and Frankish as the "newest" dialects, with modern German their "verissima Filia", and Anglo-Saxon the fecund mother of English, Dutch, Norwegian, Icelandic, Danish and Swedish (1727: c4r ff., d6r)."
1110: evaluative views on German dialects (Metcalf has most, if not all, of these examples)
"Johannes Clauberg observed (1663, repr. Eckhart 1711) that dialects and antiquities could yield much of relevance to the origins of German."
"Dialects could always command respect: from Classical and Renaissance precedent (Attic Greek, Dante's Tuscan) and from recent exarnple (Dutch), they were seen as potential bases for the establishment of languages (Zesen 1651b: 204); a case for Swiss German is explored by Bodrner \& Breitinger (1746 II, 626-627). Even for Johann Christoph Adelung, belatedly standardising German on a high social variant, dialects could fill gaps in his semantic "ladders" (Reichmann 1993: 305)."},
	pages = {1105--1115},
	keywords={secondary}
}

@book{gerretzen_schola_1940,
	address = {Nijmegen \& Utrecht},
	title = {Schola {Hemsterhusiana}: {De} herleving der {Grieksche} studiën aan de {Nederlandsche} universiteiten in de achttiende eeuw van {Perizonius} tot en met {Valckenaer}},
	copyright = {pdf},
	abstract = {ACADEMISCH PROEFSCHRIFT TER VERKRIJGING
VAN DEN GRAAD VAN DOCTOR IN DE LETTEREN
EN WIJSBEGEERTE AAN DE KATHOLIEKE UNIVERSITEIT
VAN NIJMEGEN OP GEZAG VAN DEN
RECTOR MAGNIFICUS MAG. Dr. G. KRELING O.P.,
HOOGLEERAAR IN DE FACULTEIT DER H. GODGELEERDHEID,
VOLGENS BESLUIT VAN DEN
SENAAT IN HET OPENBAAR TE VERDEDIGEN IN
DE AULA DER UNIVERSITEIT OP DINSDAG
9 JULI 1940, 'S NAMIDDAGS TE 2 UUR},
	language = {Dutch},
	publisher = {Dekker \& van de Vegt},
	author = {Gerretzen, Jan Gerard},
	year = {1940},
	keywords={secondary}
}

@article{considine_why_2010,
	title = {Why {Was} {Claude} de {Saumaise} {Interested} in the {Scythian} {Hypothesis}?},
	volume = {53},
	language = {en},
	number = {2},
	urldate = {2014-03-26},
	journal = {Language \& History},
	author = {Considine, John},
	year = {2010},
	pages = {81--96},
	file = {Why Was Claude de Saumaise Interested in the Scythian Hypothesis?\: Language & History\: Vol 53, No 2:C\:\\Users\\u0088685\\Zotero\\storage\\99AKMMQD\\175975310X12798962415189.html:text/html},
	keywords={secondary}
}

@incollection{muller_saumaise_1984,
	address = {Lille},
	series = {Travaux et recherches},
	title = {Saumaise, {Monboddo}, {Adelung}: {Vers} la grammaire comparée},
	language = {fr},
	booktitle = {Matériaux pour une histoire des théories linguistiques - {Essays} toward a {History} of {Linguistic} {Theories} - {Materialien} zu einer {Geschichte} der sprachwissenschaftlichen {Theorien}},
	publisher = {Université de Lille III, diffusion P.U.L.},
	author = {Muller, Jean-Claude},
	editor = {Auroux, Sylvain and Glatigny, Michel and Joly, André and Nicolas, Anne and Rosier, Irène},
	year = {1984},
	note = {390: "soit le grec est dérivé des autres langues, soit les autres langues sont dérivées du grec, ou bien toutes doivent être des \textit{dialectes de la même langue-parent}. (OPL, I: 602-603)."
391: "... des dialectes (terme que Monboddo ne définit pas) ..."
391-392: "S'élevant contre les vues de Daniel Heinsius, Saumaise [392] dénie le nom de dialecte grec à la langue hellénistique des Septante et du Nouveau Testament, car n'est dialecte que ce qui est parlé par un peuple sur un territoire séparé par des frontières de celui d'un autre peuple qui parle différemment. ("ut populus aliquis sit qui ea utatur, finibus diuisus ab alio populo qui diuersa utitur") (p. 5). Cette polémique un peu stérile sert cependant à Saumaise pour consacrer la seconde partie de son ouvrage à l'origine de la langue et des dialectes grecs. Certaines idées proposées là sont de très bonne invention comme celle (p. 391) que les langues à monosyllabes sont les plus anciennes, que donc, si les anciens poètes grecs utilisent des monosyllabes archaïques (...), cela indique que la langue scythe, dont dérive le grec, a survécu dans les couches les plus anciennes de la poésie."
394: definition of dialect by Gatterer 1771 is given, but not really discussed
={\textgreater} it is only said that he did not offer examples},
	pages = {389--396},
	keywords={secondary}
}

@book{fogen_patrii_2000,
	address = {München},
	title = {Patrii sermonis egestas. {Einstellungen} lateinischer {Autoren} zu ihrer {Muttersprache}: {Ein} {Beitrag} zum {Sprachbewusstsein} in der römischen {Antike}},
	isbn = {978-3-598-77699-1},
	shorttitle = {Patrii sermonis egestas},
	language = {de},
	publisher = {K. G. Saur},
	author = {Fögen, Thorsten},
	year = {2000},
	note = {verwerkt
p. 117 ev. + 138-141: Cicero over taalvariatie
28/10/13
http://babel.hathitrust.org/cgi/pt/search?q1=variet\%C3\%A4t\&id=mdp.39015051303926\&view=1up\&seq=11},
	keywords={secondary}
}

@article{famerie_villoison_2007,
	title = {Villoison et la redécouverte du dialecte tsakonien},
	volume = {6},
	copyright = {© Anabases},
	issn = {1774-4296},
	abstract = {Le nom commun τζάκονες (τζέκωνες, τσάκονες) apparaît pour la première fois chez Constantin Porphyrogénète (Cérém., I, p. 695 Bonn), pour désigner une catégorie de soldats « appauvris », incapables d’assurer les frais inhérents à leur service. Le terme n’a alors aucun rapport ni avec une région déterminée de l’empire byzantin, ni avec le dialecte « tsakonien ». Les « tsakones » sont une catégorie parmi d’autres de soldats auxiliaires affectés à la garde des forteresses situées aux endroits str...},
	language = {fr},
	urldate = {2014-04-18},
	journal = {Anabases: Traditions et réceptions de l’Antiquité},
	author = {Famerie, Étienne},
	year = {2007},
	note = {10.4000/anabases.3475},
	pages = {235--248},
	file = {Full Text PDF:C\:\\Users\\u0088685\\Zotero\\storage\\22QB42KS\\Famerie - 2012 - Villoison et la redécouverte du dialecte tsakonien.pdf:application/pdf;Snapshot:C\:\\Users\\u0088685\\Zotero\\storage\\ZA2B4AC3\\3475.html:text/html},
	keywords={secondary}
}

@book{barbier-mueller_ma_1990,
	address = {Genève},
	title = {Ma {Bibliothèque} poétique. {Deuxième} partie: {Ronsard}},
	isbn = {978-2-600-04512-4},
	shorttitle = {Ma {Bibliothèque} poétique. {Deuxième} partie},
	language = {fr},
	publisher = {Droz},
	author = {Barbier-Mueller, Jean Paul},
	year = {1990},
	note = {p. 24 on Odes and its Suravertissement},
	keywords={secondary}
}

@article{van_rooy_o_2013,
	title = {'Πóθεν oὖν ἡ τoσαύτη διαφωνία;' {Greek} {Patristic} {Authors} {Discussing} {Linguistic} {Origin}, {Diversity}, {Change} and {Kinship}},
	volume = {23},
	language = {lat},
	number = {1},
	journal = {Beiträge zur Geschichte der Sprachwissenschaft},
	author = {Van Rooy, Raf},
	year = {2013},
	pages = {21--54},
	keywords={secondary}
}

@book{reynolds_scribes_1991,
	address = {Oxford},
	edition = {Third edition},
	title = {Scribes and {Scholars}: {A} {Guide} to the {Transmission} of {Greek} and {Latin} {Literature}},
	isbn = {0-19-814371-0},
	shorttitle = {Scribes and scholars},
	language = {eng},
	publisher = {Clarendon Press},
	author = {Reynolds, L. D. and Wilson, N. G.},
	year = {1991},
	keywords = {091 =7 Handschriftenkunde. Handschriftencatalogi--Klassieke talen, 091.14 Codicologie. Codices. Scriptoria, 87.083 Klassieke literatuur: teksteditie, Classical literature - Criticism, Textual, Classical literature - Manuscripts, Humanists, Learning and scholarship - History, Manuscripts, Medieval, Manuscripts, Renaissance, Scriptoria, Transmission of texts},
	keywords={secondary}
}

@incollection{ax_quadripertita_1987,
	address = {Amsterdam \& Philadelphia},
	series = {Studies in the {History} of the {Language} {Sciences}},
	title = {\textit{{Quadripertita} ratio}. {Bemerkungen} zur {Geschichte} eines aktuellen {Kategoriensystems} ({Adiectio} – {Detractio} – {Transmutatio} – {Immutatio})},
	isbn = {978-90-272-4529-8},
	language = {de},
	number = {46},
	booktitle = {The {History} of {Linguistics} in the {Classical} {Period}},
	publisher = {John Benjamins Publishing Company},
	author = {Ax, Wolfram},
	editor = {Taylor, Daniel J.},
	year = {1987},
	note = {imporant:  history of "permutatio litterarum" is sketched here},
	keywords = {Language Arts \& Disciplines / General, Language Arts \& Disciplines / Linguistics / General},
	pages = {17--40},
	keywords={secondary}
}

@article{lallot_analogie_1995,
	title = {Analogie et pathologie dans la grammaire alexandrine},
	volume = {15},
	language = {fr},
	journal = {Lalies},
	author = {Lallot, Jean},
	year = {1995},
	note = {118: "champ d'application" of pathology:
1) dialectal forms differing from the κοινή
2) poetic variants
3) anomalic forms in κοινή itself
={\textgreater} intermingling of poetic variations + κοινή anomalies + dialect ={\textgreater} dominates most, if not whole, Early Modern thought on Greek dialects
121: analogie-pathologie "projet \textit{totalitaire} sur la langue grecque"
={\textgreater} mostly permutatio litterarum, but also syntactic features!
NEVERTHELESS: despite the intention to interpret many things in terms of "pathology", there do exist "impossibilités" ={\textgreater} phonological, morphological and syntactic!
122:
importance of usage (and not "faire rire") in daily speech},
	pages = {109--123},
	keywords={secondary}
}

@book{de_jonge_bestudering_1980,
	address = {Amsterdam, Oxford \& New York},
	series = {Verhandelingen der {Koninklijke} {Nederlandse} {Akademie} van {Wetenschappen}, {Afdeling} {Letterkunde}, {Nieuwe} {Reeks}},
	title = {De bestudering van het {Nieuwe} {Testament} aan de {Noordnederlandse} universiteiten en het {Remonstrants} {Seminarie} van 1575 tot 1700},
	language = {nl},
	number = {106},
	urldate = {2014-06-04},
	publisher = {Noord-Hollandse Uitgevers Maatschappij},
	author = {de Jonge, Henk J.},
	year = {1980},
	file = {Snapshot:C\:\\Users\\u0088685\\Zotero\\storage\\NMG8X4JQ\\1024.html:text/html},
	keywords={secondary}
}

@book{metcalf_language_2013,
	address = {Amsterdam \& Philadelphia},
	series = {Studies in the {History} of the {Language} {Sciences}},
	title = {On {Language} {Diversity} and {Relationship} from {Bibliander} to {Adelung}},
	language = {en},
	number = {120},
	publisher = {John Benjamins},
	author = {Metcalf, George J.},
	editor = {Van Hal, Toon and Van Rooy, Raf},
	year = {2013},
	note = {OK, relevant:
159-160: Adelung on 'dialect' and 'language'},
	keywords={secondary}
}

@book{lepschy_mother_2002,
	address = {Toronto, Buffalo \& London},
	series = {Toronto {Italian} studies},
	title = {Mother {Tongues} and {Other} {Reflections} on the {Italian} {Language}},
	isbn = {978-0-8020-3729-9},
	shorttitle = {Mother {Tongues}},
	abstract = {Italian is unique among modern European languages, for although it has a history going back eight centuries, it has only consolidated as a spoken national language during the twentieth century. Previously, it was a written, literary language, and people spoke regional dialects that were strikingly different from each other. This has intriguing implications for understanding notions such as mother tongue, native speaker, and literary language, and Giulio Lepschy discusses these and other issues in this collection of six scholarly essays on the Italian language.Lepschy also explores a little understood aspect of Italian prosody (the system of secondary stresses), and analyzes a Venetian play of the Renaissance, La Veniexiana, in which a 'gendered' reading helps to clarify some grammatically controversial passages. These aspects of the play had been examined by Carlo Dionisotti, the eminent Italianist whose life and works are the subject of the final essay. Lepschy's approach combines the insights of modern linguistic theory and the findings of fresh and original philological investigations. His essays will be essential to anyone interested in the Italian language.},
	language = {en},
	publisher = {University of Toronto Press},
	author = {Lepschy, Giulio C.},
	year = {2002},
	note = {36 et sqq.: distinction language and dialect
"The term 'dialect' derives from the Greek  \textit{diálektos}, which means 'speech' or the language of a country or region, with reference in particular to the Greek literary  languages, Ionic, Attic, and so on. In the Roman tradition, which put a higher price on uniformity, the Latin adaptation \textit{dialectus} was hardly used at all. The notion reappears in the Renaissance, with the Italian humanists. [...; attestations in Latin and Italian {\textless} Alinei and Trovato]. The notion was designated by other terms, however, in preference to \textit{dialectus}, \textit{dialetto}. Among the words used, we find in Latin \textit{idioma} and \textit{proprietas} (or the more general \textit{lingua}, \textit{sermo}, \textit{loquela}) and their Italian counterparts \textit{idioma} and \textit{proprietà}. Conceptually, in the late [37] Quattrocento, the mediation of Greek was crucial for the passage from the fixity of Latin to the more varied multiplicity of the vernacular, as Dionisotti pointed out. It is through the Italian humanists that the word and the notion of dialect spread to French, English, and German from the middle of the sixteenth century."
secundary literature: believe in uniformity of Latin is stressed ={\textgreater} but clear signs that some scholars were aware of differences within Latin
did the word spread from the Italian humanists?
Luther uses it early on, as well as Amerot
(role of lexica, grammars?)
"Modern classifications also tend to have groups coinciding with regions: ..."
={\textgreater} larger shares! heritage {\textless} Early Modern times},
	keywords = {Foreign Language Study / Italian, History / Europe / Italy, Language Arts \& Disciplines / Linguistics / General, Literary Criticism / European / Italian, Social Science / General},
	keywords={secondary}
}

@book{ben-tov_lutheran_2009,
	address = {Leiden},
	series = {Brill’s {Studies} in {Intellectual} {History}},
	title = {Lutheran {Humanists} and {Greek} {Antiquity}: {Melanchthonian} {Scholarship} between {Universal} {History} and {Pedagogy}},
	isbn = {978-90-04-17965-3},
	shorttitle = {Lutheran humanists and {Greek} antiquity},
	abstract = {Concentrating on Philipp Melanchthon, several of his colleagues and students, and a broader Melanchthonian milieu, a Lutheran understanding of pagan and Christian Greek antiquity is traced in its sixteenth century context.},
	language = {lat},
	number = {183},
	publisher = {Brill},
	author = {Ben-Tov, Asaph},
	year = {2009},
	note = {chapter 3 ={\textgreater} Lutheran Humanists on Greek language
p. 157: "The above survey, needless to say, lays no claim to exhaustiveness. Firstly it does not pretend to discuss the entire corpus of Lutheran scholars’ opinions on Greek. Secondly, and more importantly, the present chapter in no way claims to present the entire scope of attitudes to Greek itself. Important questions relating to these humanists’ philological-grammatical understanding of ancient Greek dialects have been avoided as well as their reliance on Byzantine and Italian predecessors in composing Greek grammars for their German students."
p. 204: "The following excerpt is from Rhodoman’s Greek poem in honour of Crusius composed in 1579—five years before the publication of the Turco Graecia. The poem itself is composed of 46 hexameter lines, and suggests, to my understanding, a conscious echoing of Homeric dialect, displaying linguistic dexterity, if no great poetic achievement and a clear allusion to the heroic and epic nature of the reception of Greek in Germany, which he wishes to celebrate. The following is a literal prose translation of lines 1–18."},
	keywords = {094 MELANCHTHON, PHILIPP Oude en merkwaardige drukken. Kostbare en zeldzame boeken. Preciosa en rariora--MELANCHTHON, PHILIPP, 094:284 Oude en merkwaardige drukken. Kostbare en zeldzame boeken. Preciosa en rariora-:-Protestantisme. Protestantse sekten},
	keywords={secondary}
}

@book{horrocks_greek:_2010,
	address = {Malden, Oxford \& Chichester},
	edition = {Second edition},
	title = {Greek: {A} {History} of the {Language} and {Its} {Speakers}},
	isbn = {978-1-4443-1892-0},
	shorttitle = {Greek},
	abstract = {Greek: A History of the Language and its Speakers, Second Edition reveals the trajectory of the Greek language from the Mycenaean period of the second millennium BC to the current day. - Offers a complete linguistic treatment of the history of the Greek language - Updated second edition features increased coverage of the ancient evidence, as well as the roots and development of diglossia - Includes maps that clearly illustrate the distribution of ancient dialects and the geographical spread of Greek in the early Middle Ages},
	language = {en},
	publisher = {Wiley-Blackwell},
	author = {Horrocks, Geoffrey},
	year = {2010},
	note = {Psellus: propageert de koinè, of wellicht een mix van de hogere registers van de koinè met Attische invloeden (Horrocks 2007: 213)
Maar is zelf wel een atticist (Horrocks 2007: 220).
Gedichten meer koinè: allicht speelt het feit dat de koinè de taal van de kerk (Bijbel en meeste kerkvaders) is hierbij een belangrijke rol (Horrocks: 221)
Horrocks (2007: 233-234, 236): Psellos gebruikt gemengde stijl!
Pp. 273-274: klacht over middeleeuws Attisch dialect (door Mikhael Choniates)
P. 360: Leóntios Machairás, who composed his Recital Concerning the Sweet Land of Cyprus in the first half of the 15th century.
Even though he remained an Orthodox Christian who acknowledged the injustices his people had suffered at the hands of the Latin hierarchy (27, 29, 101) and lamented the influx of French loanwords into the speech of the island (158), ...
P. 361: Maltézou (1991)
Pp. 361-362: Even the Venetian colonists began to abandon Italian (which was increasingly restricted to high - level administration and culture), and by the mid - 16th century the greatly enhanced status of the local vernacular finally overcame any residual reluctance to its adoption as the basis for a literary language. This innovation was undoubtedly supported by the contemporary Italian movements to elevate the more prestigious local dialects, including Venetian, into written languages (Cochrane (1988: 19 – 23)), and an elaborated, somewhat stylized form of Cretan soon became the vehicle for dramatic and poetic works of a quality that has since led to the period c.1580 – 1669 becoming known as the 'Cretan Renaissance'.
P. 362: bijzonderheden Cypriotisch
P. 366: Linárdos Dellapórtas
cf. van Gemert (1991: 56 – 8)). Even though most of his work has still to be published, it is at once apparent that he rejected dialectal language and rhyme, and persisted with the traditions of written Greek.
Pp. 382-383: dialecten van het Nieuwgrieks
P. 385: grammatica's van het Nieuwgrieks: This work was followed in the 17th century by the grammatical writings of Girolamo Germano (Pernot (1907a)), Simon Portius (Meyer - Lübke  (1889)) and Romanós Nikefóros (unpublished, but cf. Legrand (1874: 14 – 19)), and in the 18th century by a lexicon of spoken Greek compiled by Father Alexis de Sommevoir (Alessio de Somavera (1709), cf. Legrand et al. (1918, 1928)), though it is probably no accident that three of these linguistic pioneers were foreigners.
P. 416:  Thus when Martin Crusius, professor of Greek and Latin at the University of Tübingen in the late 16th century, wrote to the patriarchate for information about modern Greek, he received the following reply from Simeón Kavásilas, composed in (a fair imitation of) the classical language:
Citaat dialecten. Belangrijk, zie ook p. 417: The belief that the contemporary dialects somehow continued those of Ancient Greek (with the Koine treated in the traditional fashion as an addition to the classical array) is of course false, but it is indicative of Kav á silas ’  indifference. Many other educated people of the time also dismissed regional varieties as uninteresting, taking their heterogeneity vis - à - vis the language of the elite as evidence of decay. The 16th - century monk and scholar Pachómios Rousános, for example, pointing to the local retention of archaisms as evidence of former unity, argued that all Greeks must learn the ‘common language’  of the educated to prevent the loss of the true word of God as embodied in the gospels (Vasilikós (1908 : 55ff)).
Crusius 1584: 561-562
P. 419: Many of these works make explicit reference to ‘the common dialect (of the Greeks)’  in their titles or prefaces. For example, the Salvation of Sinners (published in Venice in 1664) by the Cretan monk Agápios contains...
P. 438: Both linguistic parties were amusingly satirized by D. K. Vyzándios in his play Babel, published in 1836. The cast comprises an archaizing pedant, an Albanian with a limited command of Greek, and speakers of fi ve different dialects (a Peloponnesian, a Chian, a Cretan, a Cypriot and a Greek from Asia Minor). This group, having met in Náfplio on the day when news arrives of the Turkish defeat at Navaríno (1827), attempts to celebrate the success of the Greek revolution, but mutual misunderstanding (including a series of largely unsuccessful attempts to order food, and an accusation of sheep stealing wrongly interpreted as an insult involving coprophagia) leads to a fight, incarceration, and still further mishaps when the arrested parties are released. It is, of course, significant that the dialect speakers are barely literate, and come with only one exception from regions outside the kingdom, while the pedant is wholly uncompromising, and uses datives and infinitives in the best classical manner. Though often funny, the play, rather like the archaizers, exaggerates the difficulties; the local dialects of the Peloponnese were not radically different from educated speech in phonology and morphology, and normal written Greek was as yet very far from being an attempt to replicate the ancient language.
Als een achterafje in de synthese?
P. 451: leuk stukje tekst over δημοτική - καθαρεύουσα},
	keywords = {Language Arts \& Disciplines / Linguistics / General},
	keywords={secondary}
}

@article{de_jonge_study_1981,
	title = {The {Study} of the {New} {Testament} in the {Dutch} {Universities}, 1575-1700},
	volume = {1},
	language = {en},
	journal = {History of Universities},
	author = {de Jonge, Henk J.},
	year = {1981},
	note = {117-118: language of NT
+ De Jonge stresses that this was an important debate to Salmasius and other scholars ({\textless}={\textgreater} Considine and predecessors)},
	pages = {113--129},
	keywords={secondary}
}

@book{van_hal_moedertalen_2010,
	address = {Brussel},
	series = {Verhandelingen van de {Koninklijke} {Vlaamse} {Academie} van {België} voor {Wetenschappen} en {Kunsten}. {Nieuwe} {Reeks}},
	title = {'{Moedertalen} en taalmoeders': {Het} vroegmoderne taalvergelijkende onderzoek in de {Lage} {Landen}},
	language = {nl},
	number = {20},
	publisher = {Koninklijke Vlaamse Academie voor Wetenschappen en Kunsten},
	author = {Van Hal, Toon},
	year = {2010},
	note = {word
(sec lit sec lit)},
	keywords={secondary}
}

@article{trovato_dialetto_1984,
	title = {'{Dialetto}' e sinonimi (‘idioma', 'proprietà', 'lingua') nella terminologia linguistica quattro- e cinquecentesca (con un'appendice sulla tradizione a stampa dei trattatelli dialettologici bizantini)},
	volume = {2},
	shorttitle = {'{Dialetto}' e sinonimi},
	abstract = {p. 215 en 224 relevant},
	language = {Italian},
	journal = {Rivista di letteratura italiana},
	author = {Trovato, Paolo},
	year = {1984},
	note = {word-doc "Dialect in Renaissance..."},
	keywords = {ancient Greek, concept},
	pages = {205--236},
	keywords={secondary}
}

@book{burke_languages_2004,
	address = {Cambridge},
	title = {Languages and {Communities} in {Early} {Modern} {Europe}},
	isbn = {978-0-521-53586-1},
	abstract = {Peter Burke explores major themes in the social and cultural history of the languages spoken or written in Europe between the invention of printing and the French Revolution. One theme is the relation between languages and communities and the place of language as a way of identifying others, as well as a symbol of one's own identity. A second, linked theme is that of competition: between Latin and the vernaculars, different vernaculars, dominant and subordinate, and different varieties of the same vernacular.},
	language = {en},
	publisher = {Cambridge University Press},
	author = {Burke, Peter},
	year = {2004},
	note = {OK
6: language as a means to construct communities
7: political criterion (link languages \& nations) ={\textgreater} less applicable to early modern times ={\textgreater} frontiers between languages are less clear-cut than now (just as national borders; see Cornish 1936)
8: Marcin Bielski (1495-1575) considered Slavic languages as dialects of one single language (no further references offered; probably somewhere in his chronicle)
11: no audio material
12: language campaigns, not yet real language planning
17: interest in diversity {\textless} 1500 (increased study of Hebrew and Greek)
23: link between rustic dialect speakers and purity (Borghini: perché i contadini conversano manco con forestieri; also Stiernhielm)
26: Ben Jonson "Language most shows a man: Speak, that I may see thee. It springs out of the most retired and inmost parts of us, and is the image of the parent of it, the mind. No glass renders a man’s form or likeness so true as his speech."
exploiting diversity for comic effect
29-30: negative evaluation of rustic / peasant speech (Spain, Portugal, Italy)
32: le patois de Canaan to refer to protestant Bible French
33-35: characteristics of feminine speech (mostly negative)
35: Molière, Précieuses Ridicules 1659, women "précieuses" "quasi une langue particulière"
36: "The growing interest in regional dialects in the early modern period may be linked to the rediscovery of ancient Greece." (quote) term: French 1563, English 1577
negative valuation
dialects in playwrights
37: "As in ancient Greece, there was a link between local dialects and local autonomy."
"After 1650, on the other hand, dialect was rediscovered, or at least revalued."
38: "In the German-speaking world, Leibniz took a great interest in dialect, as in other forms of language, and encouraged the researches of others into the subject, though it was only in the eighteenth century that dictionaries were published for the dialect of Hamburg, for instance, of Bremen and of Bavaria. A Swedish dialect dictionary came out in 1766, and in France, studies of the patois of the Limousin, Lorraine and Marseilles appeared in the 1770s and 1780s."
40: rules for teachers ={\textgreater} should correct pronunciations ("uitiosas quasdam inflexiones uocis [...] quas a patria secum extulerunt")
51: initially ={\textgreater} lower social classes also associated with vernaculars! (see Erasmus' appeal to translate the Bible in the vernacular so that the lowliest people (even women) could read it)
56: different "Latins" ={\textgreater} neoclassical, medieval church, which was not homogeneous itself
68: 16th century: Johann Fischart (translator) "Unser sprach ist auch ein sprach und kan so wohl ein Sack nennen, als die Latinen saccus"
cf. Walter E. Spengler, Johann Fischart (Göppingen, 1969), p. 258
91: standardization is distancing from Latin and form competing dialects
93-94: Germany \& Italy: strong dialect consciousness
97: one variety or mixed as standard language},
	keywords = {History / Europe / General, History / Social History, concept, social, historical, political context},
	keywords={secondary}
}

@article{hummel_opuscule-relais:_1999,
	title = {Un opuscule-relais: {Le} \textit{{De} dialectis} (1520/1530) d'{Adrien} {Amerot}},
	volume = {61},
	copyright = {Copyright © 1999 Librairie Droz},
	issn = {0006-1999},
	shorttitle = {{UN} {OPUSCULE}-{RELAIS}},
	abstract = {bevat ook literatuur over Pindaricum lexicon},
	language = {français},
	number = {2},
	urldate = {2013-01-25},
	journal = {Bibliothèque d'Humanisme et Renaissance},
	author = {Hummel, Pascale},
	year = {1999},
	note = {ArticleType: research-article / Full publication date: 1999 / Copyright © 1999 Librairie Droz
artikel1(?)},
	keywords = {Hamerotius, ancient Greek dialects, biobibliography},
	pages = {479--494},
	file = {JSTOR Full Text PDF:C\:\\Users\\u0088685\\Zotero\\storage\\5CKCS7H9\\Hummel - 1999 - UN OPUSCULE-RELAIS LE DE DIALECTIS (15201530) D'.pdf:application/pdf},
	keywords={secondary}
}

@book{botley_learning_2010,
	address = {Philadelphia},
	series = {Transactions of the {American} {Philosophical} {Society} {Held} at {Philadelphia} for {Promoting} {Useful} {Knowledge}},
	title = {Learning {Greek} in {Western} {Europe}, 1396-1529: {Grammars}, {Lexica}, and {Classroom} {Texts}},
	isbn = {978-1-60618-002-0 1-60618-002-9},
	shorttitle = {Learning {Greek} in {Western} {Europe}, 1396-1529},
	language = {English},
	number = {100.2},
	publisher = {American Philosophical Society},
	author = {Botley, Paul},
	year = {2010},
	note = {OM: synthesewerk2},
	keywords = {ancient Greek - concept, ancient Greek - linguistic texts, Herontdekking Grieks},
	keywords={secondary}
}

@book{hoven_bibliographie_1985,
	address = {Aubel},
	series = {Livre - {Idées} - {Société}},
	title = {Bibliographie de trois auteurs de grammaires grecques contemporains de {Nicolas} {Clénard}: {Adrien} {Amerot}, {Arnold} {Oridryus}, {Jean} {Varennius}},
	shorttitle = {Bibliographie de trois auteurs de grammaires grecques contemporains de {Nicolas} {Clénard}},
	language = {fre},
	number = {7},
	publisher = {P. M. Gason},
	author = {Hoven, René},
	year = {1985},
	note = {8, nr. 1, 8-19, nrs. 2-49
biograpy: 1-6},
	keywords = {094 =75 Oude en merkwaardige drukken. Kostbare en zeldzame boeken. Preciosa en rariora--Grieks, 094 AMEROTIUS, ADRIANUS Oude en merkwaardige drukken. Kostbare en zeldzame boeken. Preciosa en rariora--AMEROTIUS, ADRIANUS, 094 ORIDRYUS, ARNOLD Oude en merkwaardige drukken. Kostbare en zeldzame boeken. Preciosa en rariora--ORIDRYUS, ARNOLD, 094 VARENNIUS, JOANNES Oude en merkwaardige drukken. Kostbare en zeldzame boeken. Preciosa en rariora--VARENNIUS, JOANNES},
	keywords={secondary}
}

@incollection{trapp_conformity_1990,
	address = {Hampshire \& Vermont},
	series = {Variorum {Collected} {Studies}},
	title = {The {Conformity} of {Greek} with the {Vernacular}: {The} {History} of a {Renaissance} {Theory} of {Languages}},
	language = {lat},
	number = {323},
	booktitle = {Essays on the {Renaissance} and the {Classical} {Tradition}},
	publisher = {Variorum},
	author = {Trapp, Joseph Burney},
	collaborator = {Trapp, Joseph Burney},
	year = {1990},
	note = {9: "One such, which has been as far as I know ignored by historians of the English language, is the part played by Greek."
"Yet the part played by Greek in breaking the domination of Latin was as vital as it is interesting."
conformity between vernacular and Greek: idea spread from Italy to France (culmination) and to rest of Western Europe (Low Countries, Spain, Germany)
England: Thomas Elyot
based on "two kinds of evidence: historical fact (or romance) and linguistic analogy, especially in etymology."},
	keywords = {Blasset °fl.ca.1560, Budé; Guillaume °1467/68-1540, Comparison between languages, Defence of Greek, Elyot; Thomas °1490-1546, England, English, Estienne; Henri °1531-1598, France, French, Greek, Italy, Kinship between languages, Origin of the vernacular, Picard; Jean},
	pages = {8--21},
	keywords={secondary}
}

@book{borst_turmbau_1957,
	address = {Stuttgart},
	title = {Der {Turmbau} von {Babel}: {Geschichte} der {Meinungen} über {Ursprung} und {Vielfalt} der {Sprachen} und {Völker}},
	language = {de},
	publisher = {Hiersemann},
	author = {Borst, Arno},
	year = {1957},
	note = {OK},
	keywords={secondary}
}

@article{van_rooy_first_2014,
	title = {A first stumbling step toward {Ancient} {Greek} dialectology in {Western} {Europe}: {An} edition and brief discussion of {Johann} {Reuchlin}'s \textit{{De} quattuor {Graecae} linguae differentiis libellus} (1477/1478)},
	volume = {76},
	copyright = {FM},
	language = {lat},
	number = {3},
	journal = {Bibliothèque d'Humanisme et Renaissance: Travaux et documents},
	author = {Van Rooy, Raf},
	year = {2014},
	pages = {501--526},
	keywords={secondary}
}

@article{caratzas_dissimilation_1952,
	title = {La dissimilation du \textit{t} dans le dialecte du vieil {Athènes} et la valeur du témoignage de {Kavassilas} et {Zygomalas} (16e siècle)},
	volume = {85},
	shorttitle = {La dissimilation du '{T}' dans le dialecte du vieil {Athènes} et la valeur du témoignage de {Kavassilas} et {Zygomalas} (16e siècle)},
	language = {French},
	journal = {Istituto Lombardo di scienze e lettere: Rendiconti. Classe di lettere e scienze morali e storiche},
	author = {Caratzas, Stamatios C.},
	year = {1952},
	note = {mention in context: relevance of testimonies of EM authors for EM Greek},
	pages = {288--297},
	keywords={secondary}
}

@article{nuti_reconsidering_2013,
	title = {Reconsidering {Renaissance} {Greek} {Grammars} through the {Case} of {Chrysoloras}’ \textit{{Erotemata}}},
	volume = {53},
	issn = {2159-3159},
	language = {en},
	number = {1},
	journal = {Greek, Roman, and Byzantine Studies},
	author = {Nuti, Erika},
	year = {2013},
	note = {267: in investigating the history of Greek studies in the Renaissance, we must take into account the different levels of advancement students have
={\textgreater} RVR: indeed, this is relevant for dialects (generally for advanced students: sometimes typographically distinguished from basic/fundamental knowledge or postponed to a later section or book of the grammar or simply omitted or not distinguished from basic elements)},
	pages = {240--268},
	file = {Reconsidering Renaissance Greek Grammars through the Case of Chrysoloras’ Erotemata | Nuti | Greek, Roman, and Byzantine Studies:C\:\\Users\\u0088685\\Zotero\\storage\\CCDC5CE9\\3815.html:text/html},
	keywords={secondary}
}

@incollection{consani_nozione_2000,
	address = {Roma},
	title = {La nozione di “lingua comune”/“varietà dialettale” nei grammatici tardo-antichi},
	language = {it},
	booktitle = {Le parole per le parole: {I} logonimi nelle lingue e nel metalinguaggio. {Atti} del {Convegno} {Napoli}, {Istituto} {Universitario} {Orientale} 18-20 dicembre 1997},
	publisher = {Il Calamo},
	author = {Consani, Carlo},
	editor = {Vallini, Cristina},
	collaborator = {De Mauro, Tullio},
	year = {2000},
	note = {607-608:
"All'interno di questa situazione, che caratterizza i primi secoli dell'era volgare, si innesta una riflessione, principalmente d'ambiente grammaticale sulla nozione di "(varietà) comune", cui si deve lo spostamento del concetto di "dialetto" da una posizione neutra a [608] quella di scarto e di singolarità rispetto a quanto si qualifica come di uso generale, in una direzione, dunque, che rappresenta il presupposto del significato generalmente accettato nell'età moderna per il termine dialetto."
again: wat is modern interpretation...},
	pages = {605--618},
	keywords={secondary}
}

@incollection{demaiziere_deux_1988,
	address = {Paris},
	series = {Collection de l'{Ecole} {Normale} {Supérieure} de {Jeunes} {Filles} 43: {Cahiers} {V}.{L}. {Saulnier}},
	title = {Deux aspects de l'idéal linguistique d'{Henri} {Estienne}: {Hellénisme} et parisianisme},
	language = {fr},
	number = {5},
	booktitle = {Henri {Estienne}},
	publisher = {Ecole Normale Supérieure de Jeunes Filles},
	author = {Demaizière, Colette},
	year = {1988},
	note = {BTAB: Tabularium - Open kast   094.1 (494) geneve
gefotografeerd},
	keywords = {Estienne; Henri °1531-1598, French, Geneva, Greek, Hellenism and anti-Hellenism, Ile-de-France, Kinship between languages, Latin, Pays de Loire, Standard vs. regional languages},
	pages = {63--75},
	keywords={secondary}
}

@incollection{auroux_les_1992,
	address = {Liège},
	series = {Philosophie et langage},
	title = {Les traditions nationales: {Section} 4. {France}},
	volume = {2 [\textit{Le développement de la grammaire occidentale}]},
	language = {fr},
	booktitle = {Histoire des idées linguistiques},
	publisher = {Mardaga},
	author = {Auroux, Sylvain and Clerico, Geneviève},
	editor = {Auroux, Sylvain},
	year = {1992},
	note = {366: "Les rapports du grec et du français sont étudiés par J. Périon [...; 1555] et H. Estienne [...; 1565]. Quelques rattachements hasardeux ne doivent pas donner l'impression de simples balbutiements. Bovelles est attentif au traitement des mots latins convertis selon les lieux en variantes dialectales."
366: "Bovelles [...; 1533] théorise la diversité des parlers issus du latin en mêlant à des remarques historiques, des considérations géographiques. Quelques générations plus tard, Fauchet propose des analyses destinées elles aussi à rendre compte des variétés dialectales. H. Estienne trouve dans [367] l'existence des dialectes du grec, des arguments pour prouver la richesse de la langue française et y voit l'une des sources de sa "précellence". On rencontre de fréquentes allusions "à la Gaule Narbonnaise, Lyonnaise", à "quelques endroits de l'Aquitaine", à la Normandie, Bretagne, Anjou, au provençal, au tourangeau, au toulousain, chez Peletier du Mans, à propos de traits articulatoires régionaux. Certes Fabri dans sa \textit{Rhétorique} condamne les termes régionaux comme ridicules parce qu'incompréhensibles, E. Pasquier fait reproche à Montaigne d'usages trop marqués par les habitudes locales, et Peletier lui-même est "de l'opinion de ceux qui ont dit qu'en notre France n'y a endroit où l'on parle pur françois, fors là où est la cour ou bien où sont ceux qui y ont été nourris" (\textit{Dialogue de l'orthographe}..., p. 31, nous modernisons l'orthographe). La prédominance de Paris ne fait pas de doute, encore qu'il faille distinguer, et rejeter certains "vulgarismes", ceux du petit peuple, qui "au lieu d'un seau d'eau", dit "un sio dio". L'on s'oriente, à mesure que s'affirme l'unification de la langue, vers le refus des archaïsmes et des régionalismes qui caractérisera d'une manière générale le siècle suivant. Mais le XVIe siècle n'a pas encore établi cette norme singulièrement étroite dont un Vaugelas ou les Académiciens se feront les gardiens, et l'on fait de "personnages qui (ont) crédit, faveur et maniement d'affaires" (Peletier, \textit{l.c.}, p. 31) les dépositaires d'une norme plus sociale que littéraire ou étroitement courtisane."
372: focus on dialects in 16th century, but fades in 17th \& 18th centuries
"Du XVIIe à la fin du XVIIIe siècle les principaux grammairiens français seront des académiciens. La tradition d'analyse linguistique française est incompréhensible si on ne la rattache pas à la détermination particulière que représente pour tout auteur ce rapport privilégié à une langue centralisée, travaillée par des actions planificatrices, et qui ne cessera jamais d'être pensée comme une institution perfectible (voir Rickard 1981 sur le travail de régularisation des grammairiens). C'est pourquoi, sans doute, les études dialectologiques se tarissent après le XVIe siècle:31 la seule enquête sera menée par l'abbé Grégoire, sous la Convention, non seulement en pleine lutte contre les dialectes et les langues régionales, mais en relation avec cette lutte (cf. De Certeau \textit{et al.} 1975). En France, la question d'une unification linguistique ne se posera jamais vraiment. L'unité indivisible de la langue - comme celle du Royaume -, même si la langue dont il est question n'est au XVIIe siècle que celle d'environ 12\% de la population, est un préalable indépassable de l'analyse linguistique; le reste est "patois abandonné à la populace des provinces" (Beauzée, \textit{Encyclopédie}, art. \textit{Langue}, voir Auroux 1973)."
Fabri, Rhétorique: mutual ridiculousness because of lack of mutual intelligibility
note 31: "Les rares publications [i.e. on French dialects] sont à chercher chez des étrangers (E. Bertrand, Recherches sur les langues anciennes et modernes de la Suisse et principalement du pays de Vaud, 1758), ou concernet des cas marginaux (J.-S. Oberlin, [...], 1775). [...]. De nombreuses compilations (on collecte essentiellement le vocabulaire) sont restées manuscrites (c'est le cas de plusieurs travaux sur le provençal et les dialectes occitans, effectués dans la région de Nîmes, ) la fin du XVIIIe siècle \textit{autour de} ou \textit{par} Joseph Séguier et Court de Gébelin) ou sont conçues comme des auxiliaires de l'historiographie (cf. les ouvrages de Dom Jean François, Vocabulaire austrasien pour servir à l'intelligence des preuves de l'histoire de Metz, 1773 et Dictionnaire roman, wallon, celtique et tudesque pour servir à l'intelligence des anciennes lois et contrats (...), 1777."
French dialect study after 16th century ={\textgreater} rare: lexical focus + serving historiography + mainly outside current France},
	pages = {359--386},
	keywords={secondary}
}

@incollection{giard_lentree_1992,
	address = {Liège},
	series = {Philosophie et langage},
	title = {L’entrée en lice des vernaculaires},
	volume = {2 [\textit{Le développement de la grammaire occidentale}]},
	copyright = {te lezen: 210-216; 217-224},
	language = {fr},
	booktitle = {Histoire des idées linguistiques},
	publisher = {Mardaga},
	author = {Giard, Luce},
	editor = {Auroux, Sylvain},
	year = {1992},
	note = {cf. also notes in pdf itself
216: "On emprunte alors le mot "dialecte" à la grammaire grecque (Trovato, 1984), on découvre que son pluriel de dialectes peut servir à enrichir la forme centrale du vernaculaire, plus naturellement que le recours aux langues étrangères (Henri Estienne, \textit{De la precellence du langage françois}, 1579). L'observation de la situation linguistique à Byzance apprend à connaître la manière dont fonctionnent socialement les deux états de la langue grecque qu'on y pratique et à comprendre le processus d'évolution et de déformation du grec ancien au grec vulgaire (Rotolo, [217] 1973-1974). Ainsi on collecte des éléments de sociolinguistique et de phonétique historique qui, à leur tour, mettront sur la voie du "latin vulgaire", maillon qui faisait encore défaut pour comprendre le passage du latin classique aux langues romanes."
voor het onderstaande zie doc "Historical context" (uitgebreider daar)
VH (2010: 66):
"Giard (1992: 206-209) heeft gewezen op de grote onderlinge verschillen tussen de Europese landen: zo betrof het in Engeland voornamelijk een educatief-creatief debat, in Spanje een grammaticaal, en in Italië een dialectaal debat."
206: Germany ={\textgreater} essential discussion concerned Luther's bible and its importance for legitimizing a popular language that is concrete and efficient
England: educational context + vernacular = made noble by literary activity + liturgical use
Spain: grammatical foundation of Nebrija was of paramount importance
Italy: combat between dialects (which Tuscan would win)
France: discussion revolves around orthography and origin of the language/etymology (phonetic vs. etymological orthography ={\textgreater} link with Ancient Greek and Latin)
209 (very very important!): England, Spain, France: centralized political body ={\textgreater} one language (soon to be) favored
{\textless}={\textgreater} Italy and Germany: no political unity ={\textgreater} diversity of dialects still very prominent
  ={\textgreater} Italy: several dialects ={\textgreater} equal balance (even though Tuscan already had the best cards \& each region promoted its own vernacular dialect)
  ={\textgreater} Germany: dialects are very different ={\textgreater} necessary = a mixed form, which assures the mutual intelligibility, at least in writing},
	pages = {206--225},
	keywords={secondary}
}

@incollection{makrides_greek_2006,
	address = {Oxford},
	title = {Greek {Orthodox} {Compensatory} {Strategies} towards {Anglicans} and the {West} at the {Beginning} of the {Eighteenth} {Century}},
	isbn = {978-3-03910-580-9},
	abstract = {Springing out of the Anglican Patristic revival in the seventeenth century, this College for Greek Orthodox students in Oxford enjoyed only a brief existence (1699-1705), but its history reflects a vigorous strain of ecumenical activity and theological conviction continuing to the present day. This volume collects the papers from the conference held in 2001 at Worcester College, Oxford, celebrating the three hundredth anniversary of the Greek College. The engagement between Anglicanism and Orthodoxy reveals not only the common foundations in Scripture and the Fathers on which they stand but also the divergent expressions of that shared tradition, shaped as each church has been by the contingencies of history. Relations between Anglicans and Orthodox did not stop at discussion on Biblical and Patristic theology. The papers in this collection encompass high and low politics, educational theory and practice, architecture, liturgy, ecumenism, as well as cultural imperialism and protectionism. Also included in this collection are documents related to the history of the College, among them translations of original publications previously available only in Greek. Here is to be found hope that in a better understanding of their own as well as one another's traditions, Anglicans and Orthodox may with greater confidence continue to work together towards rediscovering the unity of the Church.},
	language = {lat},
	booktitle = {Anglicanism and {Orthodoxy} 300 {Years} after the '{Greek} {College}' in {Oxford}},
	publisher = {Peter Lang},
	author = {Makrides, Vasilios N.},
	editor = {Doll, Peter M.},
	year = {2006},
	note = {282-283: "Moderate Greek Orthodox Attitudes towards Western Progress.
These cases should not, however, be considered as the sole expressions of Greek attitudes towards the West at the beginning of the eighteenth century. There were some Greeks who had studied and lived abroad and who had developed a much more balanced attitude towards their own tradition and the many forms of Western progress. These Greeks were ready to accept the latter, even in the field of classical studies, but tried simultaneously to offer a more objective estimation of the educational situation in Ottoman Greece. [283]
One such person was the aforementioned Anastasios Michail from Naousa, a very gifted scholar, who in the first decade of the eighteenth century made a name for himself in Germany and later in Russia.77 He had no problem acknowledging openly that the muses had left Greece at that time. Greek students had emigrated to Germany in order to catch them again (τηλεδαποὶ Ἕλληνες, μουσῶν τῶν φυγάδων θηραταὶ Γερμανικοῖς Ἑλικῶσιν ἥκομεν ἐμφιλοχωρήσοντες).78 This was a reference to the Greek students who came to Halle in 1703 to study in A. H. Francke's \textit{Collegium Orientale Theologicum}, the Pietistic version of the Greek college at Oxford. Anastasios had no fear of accepting the advances made by Western scholars, even in the budding field of neohellenic studies. He encouraged Johannes Tribbechov's (1678-1712) 1705 comparative study of modern vernacular and ancient Greek. In a letter to Tribbechov in September 1704, in both Greek and Latin, Anastasios flattered him as a German Philhellene who had directed his attention to the historical developmenet of the Greek language. He also gave some information about the educational situation in Ottoman Greece and explained the reasons for the corruption of the Greek language (e.g., through the broader use of it by ethnically non-Greek peoples, including the Ottomans themselves). Yet, the whole discussion of this matter took place in a conciliatory and constructive way with the intention of bringing together the mother (Greece) and the daughter (Germany) to create a new Greek-German contact and friendship (συναναστροφὴ καὶ φιλία).79
NB Anastasios probably even influenced Tribbechov's views ={\textgreater} cf. the four horse chariot image},
	keywords = {Religion / Christianity / History},
	pages = {249--287},
	keywords={secondary}
}

@book{kessler-mesguich_les_2013,
	address = {Genève},
	edition = {Avant-propos de Max Engammare},
	series = {Travaux d'{Humanisme} et {Renaissance}},
	title = {Les études hébraïques en {France}: {De} {François} {Tissard} à {Richard} {Simon} (1508-1680)},
	language = {fr},
	number = {517},
	publisher = {Droz},
	author = {Kessler-Mesguich, Sophie},
	year = {2013},
	note = {25-26: on Caninius (1554) and the comparison of Greek, Hebrew, and Latin dialects
25: "Plus tard, Caninius, illustrera les relations entre les langues sémitiques en les comparant à celles qui unissent les dialectes grecs ou les langues romanes, et déterminera ainsi, à partir de trois langues "premières", trois groupes de langues apparentées ("inter se cognatae"), dont le premier comporte l'hébreu, l'araméen, l'arabe et l'éthiopien; le second, le grec attique et les dialectes ionique, dorien et éolien; le troisième, le latin, l'italien, le français et l'espagnol."
228: "Ainsi, la langue hébraïque n'est plus seulement la langue de la Bible; en outre elle se voit adjoindre une famille dont elle n'est plus l'ancêtre mais seulement un membre parmi d'autres. Les répercussions de cette transformation fondamentale n'apparaîtront que dans les deux siècles à venir, mais elles sont déjà en germe dans nos grammaires."},
	keywords={secondary}
}

@book{beninca_piccola_1988,
	address = {Padova},
	series = {Quaderni {Patavini} di linguistica: {Monografie}},
	title = {Piccola storia ragionata della dialettologia italiana},
	language = {ita},
	number = {3},
	publisher = {Unipress},
	author = {Benincà, Paola},
	year = {1988},
	note = {23-47: short history of Italian dialectology
23-29: Dante
30-40: "questione della lingua"
40-47: production ={\textgreater} dialect vocabularies \& grammars \& dialect grammars},
	keywords={secondary}
}

@incollection{hackstein_greek_2010,
	address = {Malden, Oxford \& Chichester},
	series = {Blackwell {Companions} to the {Ancient} {World}},
	title = {The {Greek} of {Epic}},
	language = {en},
	booktitle = {A {Companion} to the {Ancient} {Greek} {Language}},
	publisher = {Wiley-Blackwell},
	author = {Hackstein, Olav},
	editor = {Bakker, Egbert J.},
	year = {2010},
	pages = {401--423},
	keywords={secondary}
}

@incollection{moennig_griechischen_1998,
	address = {Halle \& Tübingen},
	series = {Hallesche {Forschungen}},
	title = {Die griechischen {Studenten} am {Hallenser} {Collegium} orientale theologicum},
	language = {de},
	number = {1},
	booktitle = {Halle und {Osteuropa}: {Zur} europäischen {Ausstrahlung} des hallischen {Pietismus}},
	publisher = {Verlag der Franckeschen Stiftungen \& Max Niemeyer},
	author = {Moennig, Ulrich},
	editor = {Wallmann, Johannes and Sträter, Udo},
	year = {1998},
	note = {very important:
p. 310: "Durch die Anwesenheit der Griechen entstand ein lebendiger Kontakt zur Sprache des Neuen Testaments und der Septuaginta - ein Kontakt, der die Möglichkeit eines besseren Textverständnisses in sich barg."
see also
p. 311-312: "Sehr viele Zeugnisse über den Aufenthalt der Griechen in Halle gibt es nicht. Ihre Angliederung an das Collegium heißt selbstverständlich nicht, [312] daß sie zu den Kollegiaten zählten."
important:
p. 312: "Durch ihre Anwesenheit deckte man das Angebot des Kollegs ab, daß die Kollegiaten Neugriechisch lernen könnten. In der Hoffnung, daß die Griechen als Angehörige der Kirche, die das Neue Testament in ungebrochener Tradition in Originalsprache las, etwas zum sprachlichen Verständnis der Texte beitragen könnten, sahen sich die Hallenser schnell getäuscht. Ihren Ansprüchen genügen konnte nur Anastasios Michail, der tatsächlich die tiefsten Spuren in Deutschland hinterließ: Er half dem Adjunctus Theologiae Tribbechovius bei der Ausarbeitung seines 1705 erschienenen Neugriechischlehrbuchs, korrespondierte mit dem Altdorfer Gräzisten und Pietisten Johann Michael Lang, der im Jahre 1707/1708 eine Einführung in die neugriechische Literatur und Grammatik veröffentlichte, und redigierte bereits 1704/1705 die neugriechische NT-Ausgabe Seraphims; seine Redaktion war die Grundlage für die im Jahre 1710 in Halle durch Liverios Kolettis zum Druck besorgte altgriechisch-neugriechische Parallelausgabe des Neuen Testaments (in der Hauptbibliothek liegt sein durchschossenes Handexemplar, in das er seine Korrekturen eintrug). Im Jahr 1708 veröffentlichte er in Form eines Briefes an die Berliner Sozietät der Wissenschaften eine Schrift über die Bildung in Griechenland.52 Ihm traute man die Fähigkeit zu, Hebräisch zu lernen, weshalb er als einziger Grieche das Seminar zum hebräischen AT des Johann Heinrich Michaelis besuchte.
[note] 52 Der genaue Titel ist nicht bekannt; das einzige bekannte Exemplar (Athen: Griechische Nationalbibliothek, Γλ. 2460v) ist ohne Titelblatt erhalten. Das Exemplar ist mir auf Hinweis von Herrn Triandafillos Sklavenitis bekannt geworden."
disappointment: Greeks did not contribute to textual understanding or study of vernacular Greek
={\textgreater} exception = Anastasios Michail
  ={\textgreater} helped Tribbechovius 1705, edited NT text in vernacular Greek, corresponded with Langius, wrote a letter to Berlin society of sciences describing the education in Greece \& he also knew Hebrew
312: curriculum for Greeks ={\textgreater} central = Latin
Gerhardus Vossius' grammar, Cornelius Nepos, Terentius' comedies, Cicero's letters, and Vergil's poetry
+
fundaments of Protestant Theology
+
"Tribbechovius unterwies sie in Aristotelischer Logik."
313: study of Greek for diplomatic-missionary goals ={\textgreater} cf. the case of Christian Wilhelm Schneider, who had learned Greek with his "contubernalis" Nikolaos Michalitsis and went to Venice as "Hauslehrer an den deutschen Kaumann Pommer"
315: in 1707 all Greeks are gone
December 1706: goodbye oration by Anastasios Michail},
	pages = {299--329},
	keywords={secondary}
}

@book{garrett_attitudes_2010,
	address = {Cambridge},
	series = {Key {Topics} in {Sociolinguistics}},
	title = {Attitudes to {Language}},
	isbn = {978-1-139-48682-8},
	abstract = {Just about everyone seems to have views about language. Language attitudes and language ideologies permeate our daily lives. Our competence, intelligence, friendliness, trustworthiness, social status, group memberships, and so on, are often judged from the way we communicate. Even the speed at which we speak can evoke reactions. And we often try to anticipate such judgements as we communicate. In this lively introduction, Peter Garrett draws upon research carried out over recent decades in order to discuss such attitudes and the implications they have for our use of language, for social advantage or discrimination, and for social identity. Using a range of examples that includes punctuation, words, grammar, pronunciation, accents, dialects and languages, this book explores the intricate and fascinating ways in which language influences our everyday thoughts, feelings and behaviour.},
	language = {en},
	publisher = {Cambridge University Press},
	author = {Garrett, Peter},
	year = {2010},
	keywords = {Language Arts \& Disciplines / Linguistics / General, Language Arts \& Disciplines / Linguistics / Psycholinguistics, Language Arts \& Disciplines / Linguistics / Sociolinguistics, Psychology / General},
	keywords={secondary}
}

@book{edwards_language_2009,
	address = {Cambridge},
	series = {Key {Topics} in {Sociolinguistics}},
	title = {Language and {Identity}: {An} {Introduction}},
	isbn = {978-1-139-48328-5},
	shorttitle = {Language and {Identity}},
	abstract = {The language we use forms an important part of our sense of who we are – of our identity. This book outlines the relationship between our identity as members of groups – ethnic, national, religious and gender – and the language varieties important to each group. What is a language? What is a dialect? Are there such things as language 'rights'? Must every national group have its own unique language? How have languages, large and small, been used to spread religious ideas? Why have particular religious and linguistic 'markers' been so central, singly or in combination, to the ways in which we think about ourselves and others? Using a rich variety of examples, the book highlights the linkages among languages, dialects and identities, with special attention given to religious, ethnic and national allegiances.},
	language = {en},
	publisher = {Cambridge University Press},
	author = {Edwards, John},
	year = {2009},
	note = {identity mark
53-72, esp. 63-71
also dialect attitudes},
	keywords = {Language Arts \& Disciplines / Linguistics / General, Language Arts \& Disciplines / Linguistics / Psycholinguistics, Language Arts \& Disciplines / Linguistics / Sociolinguistics, Psychology / General},
	keywords={secondary}
}

@book{colvin_historical_2007,
	address = {Oxford},
	title = {A {Historical} {Greek} {Reader}: {Mycenaean} to the {Koiné}},
	language = {en},
	publisher = {Oxford University Press},
	author = {Colvin, Stephen},
	year = {2007},
	keywords={secondary}
}

@incollection{van_hal__2013,
	address = {Frankfurt am Main, Berlin, Bern, Bruxelles, New York, Oxford \& Wien},
	title = {Γλῶττα καὶ δίαιτα {\textbar} {Lingua} et mores {\textbar} {Sprache} und {Sitten}: {Eine} jahrhundertelange {Verbindung}},
	shorttitle = {Γλῶττα και δίαιτα {\textbar} {Lingua} et mores {\textbar} {Sprache} und {Sitten}},
	language = {de},
	urldate = {2013-11-04},
	booktitle = {Angewandte {Linguistik} {\textbar} {Linguistique} appliquée: {Zwischen} {Theorien}, {Konzepten} und der {Beschreibung} sprachlicher Äußerungen {\textbar} {Entre} théories, concepts et la description des expressions linguistiques},
	publisher = {Peter Lang},
	author = {Van Hal, Toon},
	editor = {Große, S. and Hennemann, A. and Plötner, K. and Wagner, S.},
	year = {2013},
	pages = {21--30},
	file = {Snapshot:C\:\\Users\\u0088685\\Zotero\\storage\\WGG9S33B\\414918.html:text/html},
	keywords={secondary}
}

@book{eskhult_albert_nodate,
	title = {Albert {Schultens}’ (1686–1750) comparative {Semitics}: edition of main treatises and texts with introduction, translation, and commentary},
	language = {lat},
	author = {Eskhult, Josef},
	keywords={secondary}
}

@article{rhoby_beitrag_2002,
	title = {Beitrag zur {Geschichte} {Athens} im späten 16. {Jahrhundert}: {Untersuchung} der {Briefe} des {Theodosios} {Zygomalas} und {Symeon} {Kabasilas} an {Martin} {Crusius}},
	volume = {2},
	language = {de},
	journal = {Medioevo Greco},
	author = {Rhoby, Andreas},
	year = {2002},
	pages = {177--191},
	keywords={secondary}
}

@incollection{ben-tov_turco-graecia:_2013,
	address = {Farnham \& Burlington},
	title = {\textit{{Turco}-{Graecia}}: {German} {Humanists} and the {End} of {Greek} {Antiquity} - {Cultural} {Exchange} and {Misunderstanding}},
	language = {en},
	booktitle = {The {Renaissance} and the {Ottoman} {World}},
	publisher = {Ashgate},
	author = {Ben-Tov, Asaph},
	editor = {Contadini, Anna and Norton, Claire},
	year = {2013},
	pages = {181--195},
	keywords={secondary}
}

@book{padley_grammatical_1985,
	address = {Cambridge},
	title = {Grammatical {Theory} in {Western} {Europe} 1500-1700: {Trends} in {Vernacular} {Grammar} {I}},
	isbn = {0-521-22307-5},
	shorttitle = {Grammatical theory in {Western} {Europe} 1500-1700},
	language = {eng},
	publisher = {Cambridge University Press},
	author = {Padley, G. A.},
	year = {1985},
	note = {85: "A characteristic which Italian and German linguistic endeavours of the period have in common is a preoccupation, far exceeding that in England or in France, with the question of which dialect to take as the basis for literary and grammatical writing. The centralized systems of government in France and England gave the language of the Court an inevitable social preeminence, and in Italy the Tuscan or Florentine dialect of the three great 'trecentisti' Dante, Petrarch and Boccaccio had valid claims to preference, though even so debates occasioned by the 'questione della lingua' raged throughout the sixteenth and seventeenth centuries. In Germany no dialect could claim precedence on either political or literary grounds."
94-95: "In Italy, [95] thanks to the early preeminence of Tuscan as the literary dialect of Dante, Petrarch and Boccaccio, the problem of which dialect to choose as standard, though it occasioned protracted debate, had presented itself in less acute form. In Germany by contrast, the progress of the vernacular and the emergence of a strong claimant to the position of standard dialect proceeded at a much slower rate. In 1573 Albertus had already noted that German showed a dialectal variety paralleled by scarcely any other tongue, and it is hardly surprising that the seventeenth century was well advanced before anything like a standardized \textit{Schriftsprache} was on the way to being solidly established. Here again, if in 1578 Clajus describes the speech of Erfurt as not the least among German dialects, it is as he explains because of that town's connection with Luther. Clajus' illustrative examples are taken from Luther's Bible and other works by him, and it would be difficult to overestimate the importance of Luther's German as a unifying factor in the development of a standard dialect."
121: "Such topics as the relationship of a standard dialect to the other speech communities, the role of court usage, and the respective importance of written and oral norms, which were already in the first half of the sixteenth century the subject of lively debate in Italy, were not to any great extent treated in Germany before the seventeenth. [...]. It was not until the following century that, at a time when the cultivation of the French language by the upper classes threatened to relegate German to the status of a lower-class dialect, a few leading figures began to take palliative measures."
123: "As to the dialect in which instruction is to be given, Bellin proposes the use of the 'Hochdeutsche sprache' as practised by those 'true teachers of pure language' the chanceries of the Holy Roman Empire. In learning this dialect it will help if one frequents the citizens of Meissen, though he admits that nowhere it is spoken with complete purity."
Johann Bellin, Syntaxis praepositionum Teutonicarum (1660)
139: "Stieler goes out of his way to stress that this High German norm, used by the administrative institutions of the \textit{Reich}, by the clergy and scholars and in merchants' letters, is not and cannot be coincident with any actually spoken dialect. On this point Stieler's view is that of Schottel: the dialects are by nature corrupt, and hence cannot contain within themselves any principle of regulation.154 This principle seems for Schottel and Stieler to be present only in a kind of hypostatized, ideal language existing over and above the dialects. Stieler stresses that he is not dealing with 'teutsche Mundarten', but with a 'universal \textit{Reichs Haubtsprache}' comparable to the Greek \textit{koine[with macron]} of earlier times, though his view seemingly differs from that of Bödiker, who sees High German as indeed an artificial creation, but one developed out of the dialects by the industry of scholars."
note 154: "Stieler makes here (\textit{Stammbaum}, III, 1) an overt reference to Schottel: 'wie der beruehmte Suchende urteilet. \textit{Omnibus dialectis aliquid uitiosi inest, quod locum regulae in lingua ipsa habere nequit.}'
Padley (1985: 143): "A modern note is provided by the classification of these idiosyncrasies under language (covering the whole speech community), historical period, place (i.e. dialectal variations), person (the idiolects) and circumstance (various registers such as formal and colloquial discourse)."
145: talking about German grammars
"Also predominant are dialectal problems (the question of which idiom to adopt as preferred usage, a preoccupation absent from English grammars of the same period [RVR: 2nd half 17th century]), and the notion that the German language is \textit{sui generis}, owing nothing to earlier tongues."
158: John Hewes in his Perfect Survey of the English Tongue (1624)
={\textgreater} applies term "dialect" to Latin (at least twice)
232: Schottel
"But over and above the uncertainties of actual usage in the various regional and social dialects there lies the unchangeable, 'age-old' German language, the only true linguistic reality, a hypostatized entity whose nature and rules it is the grammarian's task to lay bare."
383: "In English pedagogically orientated grammars of the period, centre of interest (in a situation in which the dialectal problems are less acute than in Germany) is the slow emancipation of the vernacular from Latin."},
	keywords={secondary}
}

@incollection{hasler_dialekt_2009,
	address = {Berlin \& New York},
	title = {Dialekt},
	volume = {1},
	isbn = {978-3-11-021262-4},
	abstract = {With its 60 articles on some 200 terms, the dictionary provides a description of the individual concepts in which 17th and 18th century thinking on language was represented in texts. Account is taken not only of the synchronic perspective and the continuation of tradition, but also of the epochal dynamics which made it possible for 17th and 18th century thinking on language to provide possible conceptualisations for succeeding ages.},
	language = {de},
	booktitle = {Lexikon sprachtheoretischer {Grundbegriffe} des 17. und 18. {Jahrhunderts}},
	publisher = {Walter de Gruyter},
	author = {Haßler, Gerda},
	editor = {Haßler, Gerda and Neis, Cordula},
	year = {2009},
	note = {very valuable entry, but Germano-centric
Haßler (2009: 876): "Im 18. Jahrhundert erschienen erste Arbeiten, die die Mundart in ihrem regionalen Aspekt behandelten, vor allem in Niederdeutschland, wo der Unterschied zwischen Dialekt und Hochsprache am größten war. Wörterbücher, die landschaftliche Eigenheiten verzeichnen, sind z. B. RICHEY: Idioticon hamburgense (1743), STROTHMANN (Osnabrück 1756), TILING und DREYER (5 Bd., Bremen und Niedersachsen, ab 1767). 1780 erschien der Versuch einer Vereinigung der Mundarten von Teutschland als eine Einleitung zu einem vollständigen Wörterbuche von POPOWITSCH, einer der frühesten Versuche, überregionale Dialektwörterbücher anzulegen."
for German situation ={\textgreater} individual works start to appear in 18th century
criteria \& levels of variation
876
"Dialekte und Mundarten werden jeweils auf eine übergeordnete Sprache bezogen. Für die Ausgliederung der Dialekte aus ihr werden neben geographischen Gegebenheiten auch unterschiedliche Herrschaftsverhältnisse verantwortlich gemacht. Die Unterschiede der Dialekte von der Hochsprache wurden in der Vokalalternation, in unterschiedlichen Bedeutungen der Wörter (→ Bedeutung), in abweichenden Flexionsendungen und in Aussprache und Prosodie (→ Prosodie / Akzent) gesehen."
876: specific linguistic situation of an area ={\textgreater} influences position toward dialects
"In den Stellungnahmen zu Dialekten reflektiert sich auch die unterschiedliche Sprachsituation in den einzelnen Ländern im 17. und 18. Jahrhundert. Für das Italienische wird immer wieder die Vielzahl der Dialekte konstatiert, und es wird auf die privilegierte Stellung der Florentiner hingewiesen, die die reine Sprache von Haus aus lernten."
876: dialect vs. accent
"Mitunter wurde der Begriff des Dialekts auf die unterschiedliche Aussprache ein und derselben Sprache reduziert (PRIESTLEY). Der Begriff ‘Dialekt’ war vom ‘Akzent’ noch nicht deutlich abgegrenzt (→ Prosodie / Akzent). Akzent bezieht sich lediglich auf die phonologischen Charakteristiken der Aussprache. So kann ein Bayer das Standarddeutsch (Hochdeutsch) mit einem bairischen Akzent sprechen, aber nicht Standarddeutsch mit einem bairischen Dialekt."
876: on Michaelis ={\textgreater} positive view on provincial words
"Eine gewisse Ausnahme von der abwertenden Einschätzung der Dialekte stellte MICHAELIS dar, der mit seiner demokratischen Auffassung von der Sprache jedem Sprecher Einfluss auf die Sprachentwicklung zubilligen wollte (→ Sprachveränderung). Er kritisierte, dass deutsche Pflanzenbezeichnungen als Provinzialwörter abgetan wurden, nur weil sie auch vom einfachen Volke gebraucht würden."
Aufgrund seiner historischen Begrenztheit hat das Wissen einen Retrospektionshorizont
und einen Projektionshorizont (AUROUX 1996: 31). Die Wissenschaft
zerstört ihre Vergangenheit nicht, sondern sie organisiert sie, wählt aus,
vergisst, deutet, idealisiert, ebenso wie sie ihre Zukunft antizipiert und konstruiert.
Die Besonderheit historiographischer Arbeit gegenüber dem Vorgehen
des einfach an seiner Fachgeschichte interessierten Wissenschaftlers ist gerade
in der Rekonstruktion des Entstehens von Theorien und Positionen in Kontexten
zu sehen. Für diese Aufgabe wird sehr zu Recht Interdisziplinarität angemahnt
(SCHMITTER / VAN DER WAL 1998).},
	keywords = {Language Arts \& Disciplines / Linguistics / General, Linguistics, concept},
	pages = {866--881},
	keywords={secondary}
}

@article{versteegh_latinitas_1986,
	title = {Latinitas, {Hellenismos}, '{Arabiyya}},
	volume = {13},
	abstract = {SUMMARY{\textless}br /{\textgreater}The central thesis of this paper is that from the time of the Alexandrian conquests the Greek-speaking community was characterized by a diglossia in which the Attic dialect became the standard language, while a simplified version of this dialect served as the colloquial. On the basis of a comparison between the term xoine grammatical literature and the terms dhiálextos, suneeia, and ellenismós, the following conclusions are drawn: 1) the grammarians used the expression xoine dhiálextos for the Greek language in general; 2) this xoine was for them their own language; 3) the xoine contrasted with the dialects as regional varieties; and 4) the xoine did not include the colloquial. From this it follows that the Classical language remained alive as the high variety of post-Classical diglossia, which was also used in a spoken form (the suneeia of the grammarians). This means that the grammatical writings cannot be used as evidence of the development of the popular language in this period.{\textless}br /{\textgreater}RÉSUMÉ{\textless}br /{\textgreater}Cet article prend comme point de départ Thypothese que dès le temps des conquétes d'Alexandre le Grand la communauté hellénophone était ca-ractérisée par une diglossie, dans laquelle le dialecte attique s'établit comme langue standard, tandis que la langue parlée était une version simplifiée de ce dialecte. Aprés une comparaison entre le terme xoine dans la littéra-ture grammatical, d'une part, et les expressions techniques dhiálextos, suneeia, ellenismós d'autre part, Fauteur constate que: 1) les grammai-riens employaient Texpression xoine dhiálextos pour indiquer la langue grecque en general; 2) la xoine était considérée par eux comme leur propre langue; 3) å la xoine s'opposaient les dialectes comme idiomes régionaux; et 4) la xoine n'était pas identique å la langue vulgaire parlée. Il s'ensuit que la langue grecque classique continuait comme langue vivante de prestige dans la diglossie de la periode post-classique et qu'elle était également utilisée en forme orale par l'élite (la suneeia des grammairiens). Ceci signifie que les ouvrages des grammairiens n'offrent aucune evidence sur le développement de la langue du peuple dans cette periode.},
	number = {2-3},
	journal = {Historiographia Linguistica},
	author = {Versteegh, Kees},
	year = {1986},
	note = {p. 431: Diogenes en Clemens
Versteegh (1986: 446)
modern Arabic authors even deny the existence of variation, which they see as corruption of the standard},
	pages = {425--448},
	keywords={secondary}
}

@book{ciccolella_donati_2008,
	address = {Leiden \& Boston},
	series = {Columbia {Studies} in the {Classical} {Tradition}},
	title = {Donati {Graeci}: {Learning} {Greek} in the {Renaissance}},
	isbn = {978-90-04-16352-2},
	shorttitle = {Donati {Graeci}},
	abstract = {The starting point generally acknowledged for the revival of Greek studies in the West is 1397, when the Byzantine Manuel Chrysoloras began to teach Greek in Florence. With his Erotemata, Chrysoloras gave Westerners a tool to learn Greek; the search for the ideal Greek textbook, however, continued even after the publication of the best Byzantine-humanist grammars. The four Greek Donati edited in this book - 'Latinate' Greek grammars, based on the Latin schoolbook entitled Ianua or Donatus - belong to the many pedagogical experiments documented in manuscripts.They attest to a tradition of Greek studies that probably originated in Venice and/or Crete: a tradition certainly inferior to the Florentine scholarship in quality and circulation, but still important in the cultural history of the Renaissance.},
	language = {en},
	number = {32},
	publisher = {Brill},
	author = {Ciccolella, Federica},
	year = {2008},
	note = {barely any information on dialect
reference to Bacon 94 (but not an extensive discussion)
123: "Thirdly, the language taught in these grammars [by Chrysoloras, Gaza, and Lascaris] is the usual mixture of fifth-century Attic Greek, archaic Ionic dialect, and Hellenistic-Byzantine κοινή, without any focus on the history or the evolution of the language."},
	keywords = {Foreign Language Study / Ancient Languages, Greek language, Greek language/ Study and teaching/ History/ To 1500, Greek philology, Greek philology/ History/ To 1500, Herontdekking Grieks, History / Ancient / General, History / General, History / Medieval, Language Arts \& Disciplines / Linguistics / General, ancient Greek - linguistic texts},
	keywords={secondary}
}

@book{bean_aldus_1958,
	address = {Syracuse},
	title = {Aldus {Manutius} and {His} \textit{{Thesaurus} cornucopiae} of 1496: {Containing} the {First} {Appearance} in {English} of the {Prologue} in {Which} {Aldus} {Announces} {His} {Plans} to {Publish} the {First} {Printed} {Editions} of {Aristotle}'s {Works} and {Describes} {His} \textit{{Thesaurus}} as {Containing} "{Practically} {Everything} {That} {Anyone} {Could} {Desire} in {Order} to {Achieve} {Perfect} {Knowledge} of {Greek} {Literature}."},
	copyright = {http://books.google.com/books?id=k4RYAAAAMAAJ},
	abstract = {BTAB: Tabularium - Open kast BTAB 	093.1 (45) venezia},
	language = {lat},
	urldate = {2013-02-11},
	publisher = {Syracuse University Press},
	author = {Bean, Donald P. and Lemke, Antje},
	year = {1958},
	note = {schabouwelijke Engelse vertaling van Manutius' voorwoord},
	keywords = {ancient Greek - concept},
	keywords={secondary}
}

@incollection{finkelberg_dialects_2014,
	address = {Leiden},
	title = {Dialects, {Classification} of},
	volume = {1},
	language = {en},
	booktitle = {Encyclopedia of {Ancient} {Greek} {Language} and {Linguistics}},
	publisher = {Brill},
	author = {Finkelberg, Margalit},
	editor = {Giannakis, Georgios K.},
	year = {2014},
	pages = {461--468},
	keywords={secondary}
}

@book{mccoll_millar_northern_2007,
	address = {Edinburgh},
	series = {Dialects of {English}},
	title = {Northern and {Insular} {Scots}},
	language = {en},
	publisher = {Edinburgh University Press},
	author = {McColl Millar, Robert},
	year = {2007},
	note = {116: "In the course of the twentieth century, the North-East variety became known as The Doric, a term previously applied to all Scots varieties."},
	keywords={secondary}
}

@book{jellinek_geschichte_1913,
	address = {Heidelberg},
	title = {Geschichte der neuhochdeutschen {Grammatik} von den {Anfängen} bis auf {Adelung}},
	language = {ger},
	publisher = {Carl Winter},
	author = {Jellinek, Max Hermann},
	year = {1913},
	note = {let op: 1913-1914
I, 21: "Diese Männer können nicht von Dialekten und Schriftsprache reden, ohne das Attische, Jonische, Dorische, Aeolische und die κοινή aufmarschieren zu lassen."},
	keywords = {Adelung, Johann Christoph, 1732-1806, German language -- Grammar},
	keywords={secondary}
}

@incollection{calvo_perez_fonologiy_2005,
	address = {Amsterdam \& Philadelphia},
	series = {Studies in the {History} of the {Language} {Sciences}},
	title = {Fonología y ortografía de las lenguas indígenas de {América} del {Sur} a la luz de los primeros misioneros gramáticos},
	language = {lat},
	number = {109},
	booktitle = {Missionary {Linguistics} {II} {\textbar} {Lingüística} misionera {II}: {Orthography} and {Phonology}. {Selected} {Papers} from the {Second} {International} {Conference} on {Missionary} {Linguistics}, {São} {Paulo}, 10-13 {March} 2004},
	publisher = {John Benjamins},
	author = {Calvo Pérez, Julio},
	year = {2005},
	note = {140: Domingo de Santo Tomás (1560) and his eye for dialect variation
148: Alonso de "Huerta (1616) pasa como de puntillas sobre los problemas ortográficos del quechua, aunque sus comentarios sobre el habla diferencial del dialecto Chinchaysuyo tienen un gran interés dialectal."
not online
167: "Se registran fenómenos diferenciales de la pronunciación de los dialectos indígenas. Fue una práctica saludable que inició DST y que aceptó el Anónimo quecha de 1586 para extenderse sucesivamente al resto de las gramáticas de las lenguas en que tal diferenciación es significativa."},
	pages = {137--170},
	keywords={secondary}
}

@incollection{van_rooy_latin_2018,
	address = {Leiden \& Boston},
	title = {Latin as a {Variable} {Language}: {Livy}’s \textit{{Patauinitas}} through {Early} {Modern} eyes},
	language = {lat},
	booktitle = {Acta {Conventus} {Neo}-{Latini} {Vindobonensis}: {Proceedings} of the {Sixteenth} {International} {Congress} of {Neo}-{Latin} {Studies} ({Vienna} 2015)},
	publisher = {Brill},
	author = {Van Rooy, Raf},
	editor = {Steiner-Weber, Astrid and Römer, Franz},
	year = {2018},
	pages = {767--777},
	keywords={secondary}
}

@incollection{considine_claudius_2012,
	address = {Leiden \& Boston},
	title = {Claudius {Salmasius} and the {Deadness} of {Neo}-{Latin}},
	volume = {1},
	abstract = {In August 2009 the fourteenth International Congress for Neo-Latin Studies was held in Uppsala, Sweden. The proceedings in this volume, ninety-nine individual and five plenary papers, are collected under the motto „Litteras et artes nobis traditas excolere – Reception and Innovation“.},
	booktitle = {Acta {Conventus} {Neo}-{Latini} {Upsaliensis}. {Proceedings} of the {Fourteenth} {International} {Congress} of {Neo}-{Latin} {Studies} ({Uppsala} 2009)},
	publisher = {Brill},
	author = {Considine, John},
	editor = {Steiner-Weber, Astrid},
	year = {2012},
	note = {297: on Salmasius' concept of 'dialect'
+ De Jonge (1975) (cf. footnote 9) ={\textgreater} probably contains discussion of controversy},
	keywords = {Language Arts \& Disciplines / General},
	pages = {295--305},
	keywords={secondary}
}

@book{blank_broken_1996,
	address = {London \& New York},
	series = {The {Politics} of {Language}},
	title = {Broken {English}: {Dialects} and the {Politics} of {Language} in {Renaissance} {Writings}},
	language = {English},
	urldate = {2012-11-21},
	publisher = {Routledge},
	author = {Blank, Paula},
	year = {1996},
	note = {OK; relevant:
focus on English dialects in literature and their competition
={\textgreater} chapter 1 most important
other chapters: use of dialects in English Early Modern literary texts
1: "By focusing on how writers represented dialects, I suggest the ways in which “English” itself was a construct of the period, produced, in large part, by discriminations made among competing “Englishes” then current. Broken English shows how Renaissance authors contribute to the construction of early modern English by distinguishing its dialects, and making a “difference of language.”"
2: "By “dialect,” I am referring throughout this study to alternative Englishes, to versions of the language that were defined by their value or status relative to other English dialects, including the King’s English. By “dialect” I am also invoking languages ascribed not to individuals but rather to communities, whether or not that ascription is historically accurate. In the sixteenth and seventeenth centuries, the “real” dialects of English, including regional and class dialects, were rarely described in any systematic way."
3: "Put simply, dialects, for [Raf: English literary] Renaissance authors, have nothing to do with “home.”"
4: "The chapter suggests that the early history of linguistic prescriptivism in England, the idea of “authority” in language, arose as a corollary of Renaissance ideas about linguistic diversity. [...]. I seek here to demonstrate the extent to which Renaissance linguists, no less than Renaissance poets, invented the difference of language. The opening chapter reveals the era as one of diverse, unsystematic, yet prodigious efforts to “authorize” the vernacular."
5: "The fact is that it is difficult to fix the status of Renaissance literary dialects, or to place them definitively on a cultural map of the period."
pace 7: "John Bullokar’s \textit{An English Expositor} (1616), an early precursor of the OED, was the first vernacular dictionary to include the term: Dialect, a difference of some words, or pronunciation in any language: as in England the Dialect or manner of speech in the North, is different from that in the South, and the Western dialect differing from them both…. So every country hath commonly in divers parts thereof some difference of language, which is called the Dialect of that place."
={\textgreater} see already Covarrubias 1611
8: "For these writers, the “difference of language” referred to as dialect was not always defined in regional terms; in the Renaissance, dialect refers to any manner of speaking or writing that is judged as either a “common” or “peculiar” variety of the language."
={\textgreater} indeed: regional element is just one aspect
"These treatises represent some of the earliest English attempts—like Virgil’s in Poetaster—at linguistic “prescription,” efforts to identify, and disseminate, the best forms of the language."
9: "Yet one of the purposes of this chapter will be to marshal the overwhelming evidence that prescriptivism has its sources in the linguistic researches of the sixteenth century, although it did not manifest itself as any official system of prescriptions or rules. Rather, sixteenth-and early seventeenth-century prescriptivism was diagnostic in its methods and its aims; its implicit end was discrimination—the differentiation of English forms, and the valuation of those differences."
11: "“Custom” or “currency” is repeatedly invoked by Renaissance authors on behalf of an ideal of linguistic “commonality”—but such terms generally refer, on closer inspection, to the custom or the usage of a minority of speakers or writers."
={\textgreater} interesting!
12-13: "A full account of the questione della lingua in Italy and in France goes beyond the scope of the present study. But it is essential to note that the “question,” on the continent, always involved a discrimination among competing forms of the vernacular, and the designation of a superior form—the language favored by the [13] individual reformer—that would provide a model for the national language. Moreover, many continental language reformers advanced elite dialects as that model, even as they claimed to champion the “common” or “natural” tongue."
17: difference between Caxton 1490, who could discuss variations without preferring one, and Puttenham 1589, who is prescribing which varieties/forms should be used and which not
={\textgreater} Raf important for establishment of 'dialect' concept as we know it
={\textgreater} the birth of (prescriptive) norms for the living vernacular (for the first time since antiquity)
=={\textgreater} dialect as everything deviating from the norm in development (better: the preferred form) (question: how do authors deal with the incompatibility of this aspect with the classification of the κοινή as a 'dialect'?)
={\textgreater} this bundle of norms remains, however, an ideal
18: "What is rarely acknowledged, however, is the implicit connection that is drawn between social or regional dialects, and “foreign” or strange-looking language, in that debate."
31: "What remains unclear, in Gill’s treatise, is what distinguishes, from a social or an aesthetic standpoint, the “improper” forms of poets from those of ploughmen. Perhaps the only answer he provides can be found in his remark that every poet tends to “[defend] the irregularity of his own dialect solely on the grounds of license.”108 Poets, it seems, are licensed to deviate from the King’s English (ploughmen are not), but Gill seems uncertain as to how far that license ought to be extended."
ββλγρ
!! "See Tony Crowley, Standard English and the Politics of Language, Urbana, Ill., University of Illinois Press, 1989, especially pp. 91–163 for a history of the varied uses of the phrase “standard language.”"},
	keywords={secondary}
}

@incollection{alinei_dialetto:_1984,
	address = {Bologna},
	series = {Studi linguistici e semiologici},
	title = {"{Dialetto}": {Un} concetto rinascimentale fiorentino},
	abstract = {thesaurus cornucopiae},
	language = {Italian},
	booktitle = {Lingua e dialetti: {Struttura}, storia e geografia},
	publisher = {Il Mulino},
	author = {Alinei, Mario},
	year = {1984},
	note = {word},
	keywords = {ancient Greek, concept},
	pages = {169--199},
	file = {GREEK VIEWS OF GREEK DIALECTOLOGY (Artikel, 1967) [WorldCat.org]:C\:\\Users\\u0088685\\Zotero\\storage\\WATAU9X5\\4654110557&referer=brief_results.html:text/html},
	keywords={secondary}
}

@article{considine_did_2008,
	title = {Did {Andreas} {Jäger} or {Georg} {Caspar} {Kirchmaier} {Write} the {Dissertation} \textit{{De} lingua vetustissima {Europae}} (1686)?},
	volume = {35},
	issn = {0302-5160},
	language = {lat},
	number = {1-2},
	journal = {Historiographia Linguistica},
	author = {Considine, John},
	year = {2008},
	pages = {13--22},
	file = {Did Andreas Jäger or Georg Caspar Kirchmaier write the dissertation De lingua vetustissima Europae (1686)? - ResearchGate:C\:\\Users\\u0088685\\Zotero\\storage\\BMQ8ETJT\\233719932_Did_Andreas_Jger_or_Georg_Caspar_Kirchmaier_write_the_dissertation_De_lingua_vetustis.html:text/html},
	keywords={secondary}
}

@article{van_rooy__2018,
	title = {« {Plutarque} dialectologue »: {La} pseudo-autorité de {Plutarque} dans le discours sur les dialectes grecs à la {Renaissance} (ca. 1400-1670)},
	volume = {96},
	language = {fr},
	journal = {Belgisch Tijdschrift voor Filologie en Geschiedenis {\textbar} Revue Belge de Philologie et d’Histoire},
	author = {Van Rooy, Raf},
	year = {2018},
	pages = {1115--1134},
	keywords={secondary}
}

@book{brekle_bio-bibliographisches_1992,
	address = {Tübingen},
	title = {Bio-bibliographisches {Handbuch} zur {Sprachwissenschaft} des 18. {Jahrhunderts}: {Die} {Grammatiker}, {Lexikographen} und {Sprachtheoretiker} des deutschsprachigen {Raums} mit {Beschreibungen} ihrer {Werke}},
	isbn = {348473021},
	shorttitle = {Bio-bibliographisches {Handbuch} zur {Sprachwissenschaft} des 18. {Jahrhunderts}},
	language = {de},
	publisher = {Max Niemeyer},
	editor = {Brekle, Herbert E. and Dobnig-Jülch, Edeltraud and Höller, Hans Jürgen and Weiß, Helmut},
	year = {1992},
	note = {VIII, 34: "Holsteinisches Jdiotikon" (1800-1806) ={\textgreater} written by Johann Friedrich Schütze (April 1, 1758-October 15, 1810)
VIII, 345: "[Samuel Friedrich Günther] W[ahl] hatte eine Hypothese über die griech. Dialekte aufgestellt, die Heyne bissig kommentierte mit dem Hinweis, die Basis der Koine sei der Jonische Dialekt."
={\textgreater} Heyne's commentary = in Göttingische Anzeigen von gelehrten Sachen 56, 1785, 558-567
={\textgreater} discussion of Wahl's "Lieder der Liebe von Sappho und Anakreon aus dem Griechischen" (1783)
same page: "Elementarbuch für die arabische Sprache und Litteratur" (1789) ={\textgreater} Arabic historically approached: "Am Anfang stehen zwei Hauptmundarten Hamjarisch (nur noch in überlieferter Poesie) und Koraischitisch (die Sprache des Stammes Qurais [s with hat] und des Qur'an [macrons above vowels])." ={\textgreater} latter became "Buchsprache" + dominates all dialects
look into J. G. Eichhorn, Mundarten (1779)},
	keywords={secondary}
}

@book{whitmarsh_second_2005,
	address = {Oxford},
	series = {Greece \& {Rome}: {New} {Surveys} in the {Classics}},
	title = {The {Second} {Sophistic}},
	isbn = {978-0-19-856881-0},
	abstract = {The 'Second Sophistic' is arguably the fastest-growing area in contemporary classical scholarship. This short, accessible account explores the various ways in which modern scholarship has approached one of the most extraordinary literary phenomena of antiquity, the dazzling oratorical culture of the Early Imperial period. Successive chapters deal with historical and cultural background, sophistic performance, technical treatises (including the issue of Atticism and Asianism), the concept of identity, and the wider impact of sophistic performance on major authors of the time, including Plutarch, Lucian and the Greek novelists.},
	language = {en},
	number = {35},
	publisher = {Oxford University Press},
	author = {Whitmarsh, Tim},
	year = {2005},
	note = {35: Vitae sophistarum 553: purity of Attic is only to be found on the countryside, because city speech is corrupted by barbarian influences
43: "Sophists, in general, sought to Atticize rigorously. There is hardly a mention of any dialect other than Attic in Philostratus' \textit{Lives of the Sophists}-the case of the Doric-speaking Marcus of Byzantium is a telling exception. Attic is always seen here as the vehicle for cultural purity. In a well-known story, Herodes Atticus' friend Agathion recommends the rural interior of Attica as a better school for the tongue than Athens itself, on the ground that it is 'untainted by barbarians'. The primary threat is seen to lie in mixture, in pollution; hence the best Attic is said to be 'pure'.},
	keywords = {History / Europe / General, History / General, Philosophy / History \& Surveys / Ancient \& Classical, Social Science / General},
	keywords={secondary}
}

@book{haugen_richard_2011,
	address = {Cambridge \& London},
	title = {Richard {Bentley}: {Poetry} and {Enlightenment}},
	isbn = {978-0-674-06100-2},
	abstract = {What warranted the skewering of Richard Bentley (whom Rhodri Lewis called “perhaps the most notable—and notorious—scholar ever to have English as a mother tongue”) by two of the literary giants of his day? Kristine Haugen offers a fascinating portrait of Europe’s most infamous classical scholar and the intellectual turmoil he set in motion.},
	language = {en},
	publisher = {Harvard University Press},
	author = {Haugen, Kristine Louise},
	year = {2011},
	note = {182-186: Bentley and the digamma},
	keywords = {Biography \& Autobiography / Literary, History / Europe / General, History / Modern / 18th Century, Literary Criticism / Ancient \& Classical},
	keywords={secondary}
}

@book{toufexis_alphabetum_2005,
	address = {Köln},
	series = {Neograeca {Medii} {Aevi}},
	title = {Das \textit{{Alphabetum} vulgaris linguae graecae} des deutschen {Humanisten} {Martin} {Crusius} (1526-1607): {Ein} {Beitrag} zur {Erforschung} der mündlichen griechischen {Sprache} im 16. {Jh}.},
	language = {de},
	number = {8},
	publisher = {Romiosini},
	author = {Toufexis, Panagiotis},
	year = {2005},
	keywords={secondary}
}

@incollection{eskhult_albert_2015,
	address = {Münster},
	title = {Albert {Schultens} (1686–1750) and {Primeval} {Language}: {The} {Crisis} of a {Tradition} and the {Turning} {Point} of a {Discourse}},
	shorttitle = {Albert {Schultens} (1686–1750) and primeval language},
	abstract = {This article demonstrates points of discontinuity in the views on the identity of the original language of mankind in the 18th century, such as they are manifested in the seminal Dutch Orientalist ...},
	language = {de},
	urldate = {2014-11-06},
	booktitle = {Metasprachliche {Reflexion} und {Diskontinuität}: {Wendepunkte} – {Krisenzeiten} – {Umbrüche}},
	publisher = {Nodus},
	author = {Eskhult, Josef},
	editor = {Haßler, Gerda},
	year = {2015},
	note = {This article demonstrates points of discontinuity in the views on the identity of the original language of mankind in the 18th century, such as they are manifested in the seminal Dutch Orientalist  ...
end page: 93 or 94?},
	keywords = {Languages and Literature, Semitic languages, Semitiska språk, Språk och litteratur},
	pages = {72--94},
	file = {Snapshot:C\:\\Users\\u0088685\\Zotero\\storage\\KWNSUXBK\\record.html:text/html},
	keywords={secondary}
}

@article{stevens_aeolism:_2006,
	title = {Aeolism: {Latin} as a {Dialect} of {Greek}},
	volume = {102},
	issn = {0009-8353},
	shorttitle = {Aeolism},
	abstract = {{\textless}p{\textgreater}Aeolism, the idea that Latin is a dialect of Greek, was a matter of debate among a wide range of authors and readers in the Roman world. Often interpreted psychoanalytically, the idea is better understood as articulating a grudging ancient awareness that languages and social groups, including seemingly distinct groups like "Greeks" and "Romans," are in fact always "mixed," and thus that identity is a matter offluid participation in shared social practices.{\textless}/p{\textgreater}},
	language = {English},
	number = {2},
	journal = {The Classical Journal},
	author = {Stevens, Benjamin},
	month = jul,
	year = {2006},
	pages = {115--144},
	keywords={secondary}
}

@incollection{baloglou_economic_1998,
	address = {Leiden, New York \& Köln},
	title = {Economic {Thought} in the {Last} {Byzantine} {Period}},
	isbn = {978-90-04-09964-7},
	abstract = {The history of ideas is full of attempts to construct a conceptual apparatus to facilitate discussions of the workings of economic structures and of justice in interpersonal relations, cultural institutions and the social order. The aim of this volume is to provide up-to-date summaries of such ideas on economic issues and social justice which have been brought forward in each historic period from antiquity to early modern times. The emphasis is on the Near Eastern and Mediterranean background of western European culture from the world of the Old Testament and the ancient Greeks through to Spanish scholasticism and its offshoots in the Spanish Americas down to the 18th century. The 13 contributing scholars have each in his or her own way investigated the actual surviving writings from their specialist periods, along with their own or other modern interpretations. The essays presented here do not pretend to argue for a particular definition or concept of economic science or to determine its origins nor to define social justice, but rather to draw attention to the ideas of writers from the past that relate to relevant concepts in modern discussions of economic activity and social obligations.},
	language = {lat},
	booktitle = {Ancient and {Medieval} {Economic} {Ideas} and {Concepts} of {Social} {Justice}},
	publisher = {Brill},
	author = {Baloglou, Christos P.},
	editor = {Lowry, S. Todd and Gordon, Barry},
	year = {1998},
	note = {417: life dates Thomas Magister
(?1275-1350/51)},
	keywords = {Architecture / Interior Design / General, Business \& Economics / Economics / General, History / Medieval},
	pages = {405--438},
	keywords={secondary}
}

@book{lamers_greece_2015,
	address = {Leiden},
	series = {Brill's {Studies} in {Intellectual} {History}},
	title = {Greece {Reinvented}: {Transformations} of {Byzantine} {Hellenism} in {Renaissance} {Italy}},
	language = {lat},
	number = {247},
	publisher = {Brill},
	author = {Lamers, Han},
	year = {2015},
	keywords={secondary}
}

@article{tavoni_renaissance_1986,
	title = {On the {Renaissance} {Idea} that {Latin} {Derives} from {Greek}},
	volume = {16},
	language = {lat},
	number = {1},
	urldate = {2013-12-04},
	journal = {Annali della Scuola normale superiore di Pisa: Classe di lettere e filosofia},
	author = {Tavoni, Mirko},
	year = {1986},
	note = {214 \& 218: Aeolism ={\textgreater} transformed into general  idea that Latin derives from Greek
226-227: interest in tying Latin to Greek heritage ={\textgreater} peak at the end of 15th beginning of the 16th century ={\textgreater} connect oneself with the recently rediscovered and highly valued Greek heritage
228: Adnotata a Soph. mostrare la lingua latina derivata da la greca (Michael Sophianòs) ={\textgreater} manuscript notes on the fact that Latin is derived from Aeolic-Doric (those two being claimed to be related {\textless} Dionysius of Halicarnassus \& Strabo probably?)
{\textless} subject of erudite research, not a cultural struggle (marginal, localize, if time)},
	keywords = {Histoire de la linguistique, Histoire des théories, Latin, Latin {\textless} Greek, Linguistique historique, Origine Grec, Renaissance, ancient Greek - context},
	pages = {205--238},
	file = {Snapshot:C\:\\Users\\u0088685\\Zotero\\storage\\ZD8RP5N7\\cat.inist.fr.html:text/html},
	keywords={secondary}
}

@incollection{ruijgh_mycenaean_2011,
	address = {Louvain-la-Neuve},
	series = {Bibliothèque des {Cahiers} de l'{Institut} de {Linguistique} de {Louvain}},
	title = {Mycenaean and {Homeric} {Language}},
	volume = {2},
	language = {lat},
	number = {127},
	booktitle = {A {Companion} to {Linear} {B}: {Mycenaean} {Greek} {Texts} and {Their} {World}},
	publisher = {Peeters},
	author = {Ruijgh, Cornelis J.},
	editor = {Duhoux, Yves and Morpurgo Davies, Anna},
	year = {2011},
	pages = {253--298},
	keywords={secondary}
}

@incollection{van_rooy_professor_nodate,
	title = {A {Professor} at {Work}: {Hadrianus} {Amerotius} (c.1495–1560) and the {Study} of {Greek} in {Sixteenth}-{Century} {Louvain}},
	language = {lat},
	booktitle = {Receptions of {Hellenism} in {Early} {Modern} {Europe}: {Transmission}, {Representation}, and {Exchange}},
	publisher = {Brill},
	author = {Van Rooy, Raf},
	editor = {Constantinidou, Natasha and Lamers, Han},
	keywords={secondary}
}

@incollection{brodersen_heraclides:_2015,
	edition = {Brill Online. Last accessed December 14, 2016. {\textless}http://referenceworks.brillonline.com/entries/brill-s-new-pauly/heraclides-e508320{\textgreater}},
	title = {Heraclides: [18] {H}. {Creticus}/{Criticus} {Greek} periegete, 3rd cent. {BC}},
	booktitle = {Brill’s {New} {Pauly}},
	author = {Brodersen, Kai},
	editor = {Cancik, Hubert and Schneider, Helmuth},
	year = {2015},
	keywords={secondary}
}

@book{xhardez__1991,
	address = {Louvain-la-Neuve},
	title = {Περὶ διαλέκτων: {Le} traité des dialectes de {Grégoire} de {Corinthe} édité et traduit. {Contribution} aux méthodes d'analyse d'une tradition textuelle},
	abstract = {Dissertation doctorale présentée en vue de l'obtention du grade de docteur en philosophie et lettres (philologie classique) par Didier Xhardez},
	language = {français},
	publisher = {unpublished PhD dissertation (Université catholique de Louvain)},
	author = {Xhardez, Didier},
	year = {1991},
	note = {vooral mémoire},
	keywords={secondary}
}

@article{peeters_auteurschap_1982,
	title = {Auteurschap en tekst van '{Spiegels}' '{Twe}-spraack' (1584)},
	volume = {98},
	language = {nl},
	number = {1},
	journal = {Tijdschrift voor Nederlandse Taal- en Letterkunde},
	author = {Peeters, Leopold},
	year = {1982},
	pages = {117--129},
	keywords={secondary}
}

@incollection{droixhe_prototype_1980,
	address = {Amsterdam},
	series = {Studies in the {History} of the {Language} {Sciences}},
	title = {Le prototype défiguré: {L}'idée scythique et la {France} gauloise ({XVIIe}–{XVIIIe} siècles)},
	language = {lat},
	number = {20},
	booktitle = {Progress in {Linguistic} {Historiography}: {Papers} from the {International} {Conference} on the {History} of the {Language} {Sciences} ({Ottawa}, 28–31 {August} 1978)},
	publisher = {John Benjamins},
	author = {Droixhe, Daniel},
	editor = {Koerner, E. F. K.},
	year = {1980},
	pages = {123--137},
	keywords={secondary}
}

@article{swiggers_adrianus_1984,
	title = {Adrianus {Schrieckius}: {De} la langue des {Scythes} à l’{Europe} linguistique},
	volume = {6},
	language = {fr},
	number = {2 [Special issue: \textit{Genèse du comparatisme indo-européen}, edited by Daniel Droixhe]},
	journal = {Histoire Epistémologie Langage},
	author = {Swiggers, Pierre},
	year = {1984},
	pages = {17--35},
	keywords={secondary}
}

@incollection{swiggers_van_1998,
	address = {Leuven \& Paris},
	title = {\textit{{Van} t'beghin der eerster volcken van {Europen}} (1614): {Kelten} en {Scythen} bij {Adrianus} {Schrieckius}},
	language = {nl},
	booktitle = {Kelten en de {Nederlanden} van prehistorie tot heden},
	publisher = {Peeters},
	author = {Swiggers, Pierre},
	editor = {Toorians, Lauran},
	year = {1998},
	pages = {123--147},
	keywords={secondary}
}

@article{van_hal_scythian_2010,
	title = {On 'the {Scythian} {Theory}': {Reconstructing} the {Outlines} of {Johannes} {Elichmann}’s (1601/1602–1639) {Planned} \textit{{Archaeologia} {Harmonica}}},
	volume = {53},
	language = {lat},
	number = {2},
	journal = {Language \& History},
	author = {Van Hal, Toon},
	year = {2010},
	pages = {70--80},
	keywords={secondary}
}

@article{villani_scythae:_2003,
	title = {Scythae: {Un} problema linguistico, etnografico e culturale dell'età moderna},
	volume = {1},
	language = {it},
	journal = {Linguistica},
	author = {Villani, Francesco Paolo},
	year = {2003},
	pages = {443--491},
	keywords={secondary}
}

@incollection{amsler_history_1993,
	address = {Amsterdam \& Philadelphia},
	series = {Studies in the {History} of the {Language} {Sciences}},
	title = {History of {Linguistics}, '{Standard} {Latin}', and {Pedagogy}},
	isbn = {90-272-4558-4},
	language = {eng},
	number = {71},
	booktitle = {History of {Linguistic} {Thought} in the {Early} {Middle} {Ages}},
	publisher = {John Benjamins},
	author = {Amsler, Mark},
	editor = {Law, Vivien},
	year = {1993},
	note = {800 HIST 1993
p. 49 ev
marginally relevant
status of standard language in MA
also p. 52: Priestley ={\textgreater} Latin has no dialects},
	keywords = {Linguistics - History},
	pages = {49--66},
	keywords={secondary}
}

@article{van_rooy_what_2016,
	title = {"{What} is a 'dialect'?" {Some} new perspectives on the history of the term διάλεκτος and its interpretations in ancient {Greece} and {Byzantium}},
	volume = {92},
	shorttitle = {"{What} {Is} a '{Dialect}'?"},
	language = {lat},
	journal = {Glotta},
	author = {Van Rooy, Raf},
	year = {2016},
	pages = {244--279},
	keywords={secondary}
}

@book{peters_conrad_1970,
	address = {Gent},
	title = {Conrad {Gessner} als {Germanist} und {Linguist}},
	language = {de},
	publisher = {unpublished PhD dissertation (Rijksuniversiteit Gent)},
	author = {Peters, Manfred},
	year = {1970},
	note = {I.165-173:
"2.2.7. Sprache und Dialekt."},
	keywords={secondary}
}

@incollection{argyropoulos_chatzidakis_2009,
	address = {Tübingen},
	edition = {Second Edition, Revised and Enlarged},
	title = {Chatzidakis, {Georgios}},
	volume = {1},
	language = {lat},
	booktitle = {Lexicon {Grammaticorum}: {A} {Bio}-bibliographical {Companion} to the {History} of {Linguistics}},
	publisher = {Niemeyer},
	author = {Argyropoulos, Vassileios},
	editor = {Stammerjohann, Harro},
	year = {2009},
	note = {I
289: on Georgios Chatzidakis
written by Vassileios Argyropoulos (pp. 288-290)
"Ch. introduced the then up-to-date linguistic methodology to the study of medieval and modern Greek. At the end of 19th century, the so-called Aiolic-Doric theory (\textit{aiolodoriki theoria}) was the dominant theory on the origin of Modern Greek. Within the framework of the "romantic" spirit of that period and of the attempt to show the connection between modern and ancient civilization, the supporters of this theory claimed that Modern Greek derives from two ancient Greek dialects, Aiolic and Doric. Supporters of this theory claimed that modern written Greek is almost the same as the ancient Attic dialect while spoken Greek derives from both the Aiolic and the Doric dialects. For example, according to the Aiolic-Doric theory, the type χαιράμενος instead of the normal type χαρούμενος 'happy' constitutes an Aiolic element and the noun ανθρώποι (accented on -ω-) instead of the normal type άνθρωποι 'men' is a Doric element. Contrary to the Aiolic-Doric theory, Ch. claimed that Modern Greek stems directly from Medieval Greek (6th-18th century), which in turn derives from \textit{Alexandrini Koini} (3rd century B. C. - 6th century C. E.), spoken in the immense kingdom of Alexander the Great and his successors. Moreover, he claimed that written as well as spoken \textit{Alexandrini Koini} is based on the ancient Attic dialect. According to Ch., the vast majority of language elements in modern Greek derive from the ancient attic dialect and only a few of them originate in the aiolic and/or the doric dialects. So, types like χαιράμενος and ανθρώποι are not ancient dialect, but newer types formed on the basis of the rule of analogy."},
	pages = {288--290},
	keywords={secondary}
}

@book{sandys_history_1908,
	address = {Cambridge},
	title = {A {History} of {Classical} {Scholarship}},
	volume = {2: \textit{From the Revival of Learning to the End of the Eighteenth Century (in Italy, France, England, and the Netherlands)}},
	isbn = {978-1-108-02707-6},
	shorttitle = {A {History} of {Classical} {Scholarship}},
	abstract = {Sir John Edwin Sandys (1844-1922) was a leading Cambridge classicist and a Fellow of St. John's College. His most famous work is this three-volume History of Classical Scholarship, published between 1903 and 1908, which remains the only large-scale work on the subject to span the entire period from the sixth century BCE to the end of the nineteenth century. The history of classical studies was a popular topic during the nineteenth century, particularly in Germany, but Sandys stands out for the ambitious scope of his work, even though much of it was based on earlier scholarship. His chronological account is subdivided by genre and region, with some chapters devoted to particularly influential individuals. Volume 2 covers the period from the Renaissance to the eighteenth century.},
	language = {lat},
	publisher = {at the University Press},
	author = {Sandys, John Edwin},
	year = {1908},
	keywords = {History / Ancient / General, Literary Collections / Ancient \& Classical, Literary Criticism / Ancient \& Classical},
	keywords={secondary}
}

@article{kokeritz_alexander_1938,
	title = {Alexander {Gill} (1621) on the {Dialects} of {South} and {East} {England}},
	volume = {11},
	copyright = {http://dx.doi.org/10.1080/00393273808586834},
	issn = {0039-3274},
	language = {en},
	number = {1-2},
	urldate = {2016-06-02},
	journal = {Studia Neophilologica},
	author = {Kökeritz, Helge},
	year = {1938},
	pages = {277--288},
	file = {Snapshot:C\:\\Users\\u0088685\\Zotero\\storage\\37M4FRG8\\00393273808586834.html:text/html},
	keywords={secondary}
}

@incollection{janse_greek_2007,
	address = {Cambridge},
	title = {The {Greek} of the {New} {Testament}},
	language = {lat},
	booktitle = {A {History} of {Ancient} {Greek}: {From} the {Beginnings} to {Late} {Antiquity}},
	publisher = {Cambridge University Press},
	author = {Janse, Mark},
	editor = {Christidis, A.-F. and Arapopoulou, Maria and Chriti, Maria},
	year = {2007},
	pages = {646--653},
	keywords={secondary}
}

@article{hardy_enlightenments_2012,
	title = {The {Enlightenments} of {Richard} {Bentley}},
	volume = {26},
	language = {lat},
	number = {2},
	journal = {History of Universities},
	author = {Hardy, N. J. S.},
	year = {2012},
	pages = {196--219},
	keywords={secondary}
}

@book{porter_language_2013,
	address = {Leiden \& Boston},
	title = {The {Language} of the {New} {Testament}: {Context}, {History}, and {Development}},
	isbn = {978-90-04-23477-2},
	shorttitle = {The {Language} of the {New} {Testament}},
	abstract = {In The Language of the New Testament, Stanley E. Porter and Andrew W. Pitts assemble an international team of scholars whose work has focused on the Greek language of the earliest Christians in terms of its context, history and development.},
	language = {en},
	publisher = {Brill},
	editor = {Porter, Stanley E. and Pitts, Andrew W.},
	year = {2013},
	keywords = {Language Arts \& Disciplines / Linguistics / General, Religion / Biblical Studies / Exegesis \& Hermeneutics, Religion / Biblical Studies / General},
	keywords={secondary}
}

@book{regoliosi_nel_1993,
	address = {Roma},
	series = {Humanistica},
	title = {Nel cantiere del {Valla}: {Elaborazione} e montaggio delle «{Elegantiae}»},
	language = {it},
	number = {13},
	publisher = {Bulzoni},
	author = {Regoliosi, Mariangela},
	year = {1993},
	keywords={secondary}
}

@incollection{auer_europes_2005,
	address = {Berlin \& New York},
	series = {Trends in {Linguistics}. {Studies} and {Monographs}},
	title = {Europe's sociolinguistic unity, or: {A} typology of {European} dialect/standard constellations},
	isbn = {978-3-11-018284-2},
	abstract = {The significant advances witnessed over the last years in the broad field of linguistic variation testify to a growing convergence between sociolinguistic approaches and the somewhat older historical and comparative research traditions. Particularly within cognitive and functional linguistics, the evolution towards a maximally dynamic approach to language goes hand in hand with a renewed interest in corpus research and quantitative methods of analysis. Many researchers feel that only in this way one can do justice to the complex interaction of forces and factors involved in linguistic variability, both synchronically and diachronically. The contributions to this volume illustrate the ongoing evolution of the field. By bringing together a series of analyses that rely on extensive corpuses to shed light on sociolinguistic, historical, and comparative forms of variation, the volume highlights the interaction between these subfields.},
	number = {163},
	booktitle = {Perspectives on {Variation}. {Sociolinguistic}, {Historical}, {Comparative}},
	publisher = {Mouton de Gruyter},
	author = {Auer, Peter},
	editor = {Delbecque, Nicole and Van der Auwera, Johan and Geeraerts, Dirk},
	year = {2005},
	note = {lezen indien tijd},
	keywords = {Language Arts \& Disciplines / Linguistics / General},
	pages = {7--42},
	keywords={secondary}
}

@article{van_hal_bevoorrechte_2016,
	title = {Bevoorrechte betrekkingen tussen het {Grieks} en het {Germaans}: {Taalvergelijkende} verkenningen in het {Vroegduitse} humanisme en in {Wilhelm} {Otto} {Reitz}' \textit{{Belga} graecissans} (1730)},
	volume = {99-100 [\textit{Sprache in Raum und Geschichte, System und Kultur: Festschrift für Luc Draye}]},
	language = {nl},
	journal = {Leuvense Bijdragen - Leuven Contributions in Linguistics and Philology},
	author = {Van Hal, Toon},
	year = {2016},
	pages = {427--443},
	keywords={secondary}
}

@article{demaiziere_langue_1982,
	title = {La langue à la recherche de ses origines: {La} mode des étymologies grecques},
	volume = {15},
	copyright = {http://www.persee.fr/doc/rhren\_0181-6799\_1982\_num\_15\_1\_1294},
	shorttitle = {La langue à la recherche de ses origines},
	language = {fre},
	number = {1},
	urldate = {2016-08-16},
	journal = {Bulletin de l'Association d'étude sur l'humanisme, la réforme et la renaissance},
	author = {Demaizière, Colette},
	year = {1982},
	pages = {65--78},
	file = {Full Text PDF:C\:\\Users\\u0088685\\Zotero\\storage\\D35WB9SR\\Demaizière - 1982 - La langue à la recherche de ses origines  la mode.pdf:application/pdf;Snapshot:C\:\\Users\\u0088685\\Zotero\\storage\\665TF4F9\\rhren_0181-6799_1982_num_15_1_1294.html:text/html},
	keywords={secondary}
}

@incollection{defaux_presentation_2003,
	address = {Lyon},
	title = {Présentation},
	isbn = {978-2-84788-032-8},
	abstract = {Variété, diversité, bigarrure de " langages ruraux ", telles sont, dans les années 1530, les caractéristiques essentielles du paysage linguistique français. Selon Charles de Bovelles, on trouve alors en France " autant de coutumes et de langages humains que de peuples, de régions ou de villes ". Certes, ce que nous appelons aujourd'hui le français existe, mais à l'état latent. Il doit, pour se faire entendre, rivaliser non seulement avec les dialectes provinciaux, mais aussi avec ces langues modèles que sont le latin et l'italien. Le présent ouvrage montre de quelle façon, sous l'impulsion d'une politique orchestrée par le pouvoir royal, les grammairiens, les linguistes, les écrivains et les poètes de la première moitié du XVIe siècle, Lemaire de Belges, Rabelais, Tory, Marot, Dolet, Peletier, tous " facteurs " et " champions " du " Gallique hemisphere ", tous aussi Lyonnais de cœur ou d'adoption, sont, bien avant Du Bellay et Ronsard, parvenus à " ordonner ", " decorer " et " illustrer " la langue française, à faire de celle-ci une véritable langue de culture. Une langue qui, au XVIIIe siècle, sera parlée de toute l'Europe.},
	language = {fr},
	booktitle = {Lyon et l'illustration de la langue française à la {Renaissance}},
	publisher = {ENS},
	author = {Defaux, Gérard},
	editor = {Defaux, Gérard},
	year = {2003},
	pages = {13--35},
	keywords={secondary}
}

@article{cordier_geoffroy_2006,
	title = {Geoffroy {Tory} et les leçons de l’{Antique}},
	volume = {4},
	copyright = {10.4000/anabases.3551},
	issn = {1774-4296},
	abstract = {Dans le Champ fleury de Geoffroy Tory (1529), qui est à la fois un traité de typographie et un essai sur la langue française, l’art de tracer les lettres sert la normalisation de la langue. L’Antiquité fournit la matière première d’une entreprise au service des projets de François Ier. En renommant lettres attiques les capitales romaines, Tory rattache la langue française à la grecque. La fondation de Paris, sous le nom de Parrhasia, par Hercule-Ogmios, et l’analogie avec les dialectes helléniques assimilent la France à la Grèce antique, foyer de la culture et des arts, pour faire pièce à l’empire militaire de Rome, revendiqué par les Habsbourg. Le programme ambitieux de Tory jette les fondements d’une théorie de la culture, comme en témoignent la valeur hiéroglyphique des caractères, qui montre une influence précoce de la kabbale, et le titre même de l’ouvrage, slogan d’inspiration platonicienne.},
	language = {fr},
	urldate = {2016-08-16},
	journal = {Anabases: Traditions et réceptions de l’Antiquité},
	author = {Cordier, Pierre},
	year = {2006},
	keywords = {Paris, hellénisme, François Ier, Tory Geoffroy, Champ Fleury, typographie, capitale romaine, langue française, Parrhesia},
	pages = {11--32},
	file = {Full Text PDF:C\:\\Users\\u0088685\\Zotero\\storage\\QZTTMBNR\\Cordier - 2006 - Geoffroy Tory et les leçons de l’Antique.pdf:application/pdf;Snapshot:C\:\\Users\\u0088685\\Zotero\\storage\\U93MHCJI\\3551.html:text/html},
	keywords={secondary}
}

@article{trudeau_ordonnance_1983,
	title = {L'ordonnance de {Villers}-{Cotterêts} et la langue française: {Histoire} ou interprétation?},
	volume = {45},
	issn = {0006-1999},
	shorttitle = {L'{ORDONNANCE} {DE} {VILLERS}-{COTTERÊTS} {ET} {LA} {LANGUE} {FRANÇAISE}},
	language = {fr},
	number = {3},
	urldate = {2016-08-16},
	journal = {Bibliothèque d'Humanisme et Renaissance: Travaux et documents},
	author = {Trudeau, Danielle},
	year = {1983},
	pages = {461--472},
	keywords={secondary}
}

@article{covington_short_1979,
	title = {Short {Note}: {Albert} {Schultens} on {Language} {Relationship}},
	volume = {17},
	language = {lat},
	number = {7-8},
	urldate = {2016-08-23},
	journal = {Linguistics},
	author = {Covington, Michael A.},
	year = {1979},
	pages = {707--708},
	keywords={secondary}
}

@book{fuck_arabischen_1955,
	address = {Leipzig},
	title = {Die arabischen {Studien} in {Europa} bis in den {Anfang} des 20. {Jahrhunderts}},
	language = {de},
	publisher = {Otto Harrassowitz},
	author = {Fück, Johann},
	year = {1955},
	note = {105: on Schultens' comparison of Semitic to Greek context},
	keywords={secondary}
}

@incollection{mattheier_german_2003,
	address = {Amsterdam \& Philadelphia},
	series = {Impact: {Studies} in {Language} and {Society}},
	title = {German},
	language = {en},
	number = {18},
	booktitle = {Germanic {Standardizations}: {Past} to {Present}},
	publisher = {John Benjamins},
	author = {Mattheier, Klaus J.},
	editor = {Deumert, Ana and Vandenbussche, Wim},
	year = {2003},
	pages = {211--244},
	keywords={secondary}
}

@article{dibbets_taalgebruik_2008,
	title = {Taalgebruik in {De} {Heuiters} \textit{{Nederduitse} orthographie} (1581) en {Spiegels} \textit{{Twe}-spraack vande {Nederduitsche} letterkunst} (1584)},
	volume = {26},
	language = {nl},
	journal = {Voortgang: Jaarboek voor de Neerlandistiek},
	author = {Dibbets, G. R. W.},
	year = {2008},
	pages = {107--144},
	keywords={secondary}
}

@book{vingopoulou_monde_2004,
	address = {Athènes},
	series = {Collection {Histoire} des {Idées}},
	title = {Le monde grec vu par les voyageurs du {XVI}$^{\textrm{e}}$ siècle},
	language = {fr},
	number = {4},
	publisher = {Institut de Recherches Néohelléniques},
	author = {Vingopoulou, Ioli},
	year = {2004},
	keywords={secondary}
}

@article{considine_introduction:_2010,
	title = {Introduction: {Classifying} and {Comparing} {Languages} in {Post}-{Renaissance} {Europe} (1600-1800)},
	volume = {53},
	issn = {1759-7536},
	shorttitle = {Introduction},
	abstract = {Publication Status: published},
	language = {eng},
	number = {2},
	journal = {Language \& History},
	author = {Considine, John and Van Hal, Toon},
	year = {2010},
	pages = {63--69},
	keywords={secondary}
}

@book{jenkins_john_2006,
	address = {Aldershot \& Burlington},
	title = {John {Jewel} and the {English} {National} {Church}: {The} {Dilemmas} of an {Erastian} {Reformer}},
	isbn = {978-0-7546-3585-7},
	shorttitle = {John {Jewel} and the {English} {National} {Church}},
	abstract = {Drawing on a variety of sources and scholarship, Jenkins portrays John Jewel not as a theologian and humanist, but as an orator and rhetorician who persistently breached the rules of logic and the canons of Renaissance humanism in an effort to gain polemical victory over his traditionalist opponents.},
	language = {en},
	publisher = {Ashgate},
	author = {Jenkins, Gary W.},
	year = {2006},
	keywords = {History / Europe / Great Britain, History / Modern / General},
	keywords={secondary}
}

@article{van_rooy_teaching_2016,
	title = {Teaching {Greek} grammar in 11th-century {Constantinople}: {Michael} {Psellus} on the {Greek} 'dialects'},
	volume = {109},
	language = {lat},
	number = {1},
	journal = {Byzantinische Zeitschrift},
	author = {Van Rooy, Raf},
	year = {2016},
	pages = {207--222},
	keywords={secondary}
}

@article{van_rooy_between_2016,
	title = {Between {Homonymy} and {Polysemy}: {The} {Origins} and {Career} of the {English} {Form} \textit{{Dialect}} in the {Sixteenth} {Century}},
	volume = {134},
	language = {lat},
	number = {4},
	journal = {Anglia: Journal of English Philology},
	author = {Van Rooy, Raf and Considine, John},
	year = {2016},
	pages = {639--667},
	keywords={secondary}
}

@article{van_rooy_struggling_2016,
	title = {Struggling to {Order} {Diversity}: {The} {Variegated} {Classifications} of {Greek} {Dialects} before the {Rise} of {Modern} {Linguistics}},
	volume = {36},
	language = {lat},
	journal = {Studies in Greek Linguistics},
	author = {Van Rooy, Raf},
	year = {2016},
	pages = {465--473},
	keywords={secondary}
}

@article{contini_i_1994,
	series = {Serie orientale},
	title = {I primordi della linguistica semitica comparata nell'{Europa} rinascimentale: {Le} \textit{{Institutiones}} di {Angelo} {Canini} (1554)},
	volume = {33},
	issn = {1125-3762},
	shorttitle = {I primordi della linguistica semitica comparata nell'{Europa} rinascimentale},
	language = {ita},
	number = {3},
	urldate = {2016-10-04},
	journal = {Annali di Ca' Foscari: Rivista della Facoltà di lingue e letterature straniere dell'Università di Venezia},
	author = {Contini, Riccardo},
	year = {1994},
	pages = {39--56},
	file = {Snapshot:C\:\\Users\\u0088685\\Zotero\\storage\\QZWXEXR2\\cat.inist.fr.html:text/html},
	keywords={secondary}
}

@incollection{schlieben-lange_reichtum_1992,
	address = {Heidelberg},
	title = {Reichtum, {Energie}, {Klarheit} und {Harmonie}: {Die} {Bewertung} der {Sprachen} in {Begriffen} der {Rhetorik}},
	language = {de},
	booktitle = {Texte, {Sätze}, {Wörter} und {Moneme}: {Festschrift} für {Klaus} {Heger} zum 65. {Geburtstag}},
	publisher = {Heidelberger Orientverlag},
	author = {Schlieben-Lange, Brigitte},
	editor = {Anschütz, Susanne R.},
	year = {1992},
	pages = {571--586},
	keywords={secondary}
}

@book{bywater_erasmian_1908,
	address = {London \& Oxford},
	title = {The {Erasmian} {Pronunciation} of {Greek} and its {Precursors}: {Jerome} {Aleander}, {Aldus} {Manutius}, {Antonio} of {Lebrixa}},
	copyright = {http://archive.org/details/erasmianpronunci00bywa},
	abstract = {26},
	language = {en},
	urldate = {2016-10-12},
	publisher = {Henry Frowde \& Oxford University Press},
	author = {Bywater, Ingram},
	year = {1908},
	file = {Internet Archive Fulltext PDF:C\:\\Users\\u0088685\\Zotero\\storage\\SAQJA96Z\\Bywater - 1908 - The Erasmian pronunciation of Greek and its precur.pdf:application/pdf},
	keywords={secondary}
}

@book{bots_republique_1997,
	address = {Paris},
	title = {La république des lettres},
	language = {fr},
	publisher = {Belin},
	author = {Bots, Hans and Waquet, Françoise},
	year = {1997},
	keywords={secondary}
}

@book{pott_einleitung_1974,
	address = {Amsterdam},
	series = {Amsterdam {Classics} in {Linguistics}, 1800-1925},
	title = {\textit{{Einleitung} in die {Allgemeine} {Sprachwissenschaft}} (1884-1890) together with \textit{{Zur} {Literatur} der {Sprachenkunde} {Europas}} ({Leipzig}, 1887)},
	isbn = {978-90-272-0921-4},
	abstract = {This volume contains August Friedrich Pott's "Einleitung in de Allgemeine Sprachwissenschaft," which appeared between 1884 and 1890 in F. Techmer's "Internationale Zeitschrift fur Allgemeine Sprachwissenschaft" (Leipzig). In addition, the volume contains Pott's "Zur Literatur der Sprachenkunde Europas" (Leipzig 1887), the obituary by Paul Horn (Gottingen 1888), and a preface to this new edition by E.F.K. Koerner.},
	language = {de},
	number = {10},
	publisher = {John Benjamins},
	author = {Pott, August Friedrich},
	editor = {Koerner, E. F. K.},
	collaborator = {Horn, Paul},
	year = {1974},
	note = {92: criticism of Giese's Atticocentrism (normative position of Attic)},
	keywords = {Foreign Language Study / General, Language Arts \& Disciplines / Linguistics / General},
	keywords={secondary}
}

@article{van_rooy_diversity_2016,
	title = {The diversity of {Ancient} {Greek} through the eyes of a forgotten grammarian: {Petrus} {Antesignanus} (ca. 1524/1525–1561) on the notion of «dialect»},
	volume = {38},
	copyright = {© SHESL/EDP Sciences, 2016},
	issn = {0750-8069, 1638-1580},
	language = {lat},
	number = {1},
	urldate = {2016-11-18},
	journal = {Histoire Épistémologie Langage},
	author = {Van Rooy, Raf},
	year = {2016},
	pages = {123--140},
	file = {Snapshot:C\:\\Users\\u0088685\\Zotero\\storage\\BW7GWKEJ\\hel20163801p123.html:text/html},
	keywords={secondary}
}

@book{considine_small_2017,
	address = {Oxford},
	title = {Small {Dictionaries} and {Curiosity}: {Lexicography} and {Fieldwork} in {Post}-{Medieval} {Europe}},
	abstract = {Small Dictionaries and Curiosity tells a story which has not been told before, that of the first European wordlists of minority and unofficial languages and dialects, from the end of the Middle Ages to the early nineteenth century. These wordlists were collected by people who were curious about the unrecorded or little-known languages they heard around them.},
	language = {lat},
	urldate = {2016-12-13},
	publisher = {Oxford University Press},
	author = {Considine, John},
	year = {2017},
	file = {Snapshot:C\:\\Users\\u0088685\\Zotero\\storage\\336C4UFB\\small-dictionaries-and-curiosity-9780198785019.html:text/html},
	keywords={secondary}
}

@incollection{tribulato_literary_2010,
	address = {Malden, Oxford \& Chichester},
	series = {Blackwell {Companions} to the {Ancient} {World}},
	title = {Literary {Dialects}},
	language = {en},
	booktitle = {A {Companion} to the {Ancient} {Greek} {Language}},
	publisher = {Wiley-Blackwell},
	author = {Tribulato, Olga},
	editor = {Bakker, Egbert J.},
	year = {2010},
	pages = {388--400},
	keywords={secondary}
}

@incollection{brixhe_linguistic_2010,
	address = {Malden, Oxford \& Chichester},
	series = {Blackwell {Companions} to the {Ancient} {World}},
	title = {Linguistic {Diversity} in {Asia} {Minor} during the {Empire}: \textit{{Koine}} and {Non}-{Greek} {Languages}},
	language = {en},
	booktitle = {A {Companion} to the {Ancient} {Greek} {Language}},
	publisher = {Wiley-Blackwell},
	author = {Brixhe, Claude},
	editor = {Bakker, Egbert J.},
	year = {2010},
	pages = {228--252},
	keywords={secondary}
}

@book{evans_language_2010,
	address = {Oxford \& New York},
	title = {The {Language} of the {Papyri}},
	isbn = {978-0-19-160805-6},
	abstract = {The modern rediscovery of the Greek and Latin papyri from Egypt has transformed our knowledge of the ancient world. We cannot, however, make the same claim in the specific area of language study. Although important studies of the language of the papyri have appeared sporadically over the past century, we are still dealing today with a linguistic resource of extraordinary richness which has hardly begun to be explored. Every scrap of papyrus and every ostracon (potsherd) or tablet unearthed has the potential to change some aspect of the way we think about the Greek and Latin languages. This book demonstrate that potential, by gathering together essays from seventeen scholars who present a variety of perspectives and methodological approaches. The Language of the Papyri charts current directions of international research, and will also provide a stimulus for future work.},
	language = {en},
	publisher = {Oxford University Press},
	editor = {Evans, T. V. and Obbink, D. D.},
	year = {2010},
	note = {Google-Books-ID: Xl8pjHVUNlgC},
	keywords = {Literary Criticism / Ancient \& Classical},
	keywords={secondary}
}

@book{boulhol_grec_2014,
	address = {Aix-en-Provence},
	series = {Héritages {Méditerranéens}},
	title = {«{Grec} {Langaige} n’est pas {Doulz} au {François}»: {L}’étude et l’enseignement du grec dans la {France} ancienne ({IVe} siècle - 1530)},
	shorttitle = {«{Grec} {Langaige} n’est pas {Doulz} au {François}»},
	language = {fr},
	publisher = {Presses Universitaires de Provence},
	author = {Boulhol, Pascal},
	year = {2014},
	keywords={secondary}
}

@book{van_rooy_through_2017,
	address = {Leuven},
	title = {Through the vast labyrinth of languages and dialects: {The} emergence and transformations of a conceptual pair in the early modern period (ca. 1478–1782)},
	language = {lat},
	publisher = {unpublished PhD dissertation (KU Leuven)},
	author = {Van Rooy, Raf},
	year = {2017},
	keywords={secondary}
}

@book{sandys_history_1908-1,
	address = {Cambridge},
	title = {A {History} of {Classical} {Scholarship}},
	volume = {3: \textit{The Eighteenth Century in Germany, and the Nineteenth Century in Europe and the United States of America}},
	isbn = {978-1-108-02707-6},
	shorttitle = {A {History} of {Classical} {Scholarship}},
	abstract = {Sir John Edwin Sandys (1844-1922) was a leading Cambridge classicist and a Fellow of St. John's College. His most famous work is this three-volume History of Classical Scholarship, published between 1903 and 1908, which remains the only large-scale work on the subject to span the entire period from the sixth century BCE to the end of the nineteenth century. The history of classical studies was a popular topic during the nineteenth century, particularly in Germany, but Sandys stands out for the ambitious scope of his work, even though much of it was based on earlier scholarship. His chronological account is subdivided by genre and region, with some chapters devoted to particularly influential individuals. Volume 2 covers the period from the Renaissance to the eighteenth century.},
	language = {lat},
	publisher = {at the University Press},
	author = {Sandys, John Edwin},
	year = {1908},
	keywords = {History / Ancient / General, Literary Collections / Ancient \& Classical, Literary Criticism / Ancient \& Classical},
	keywords={secondary}
}

@book{bentley_humanists_1983,
	address = {Princeton},
	title = {Humanists and {Holy} {Writ}: {New} {Testament} {Scholarship} in the {Renaissance}},
	language = {lat},
	publisher = {Princeton University Press},
	author = {Bentley, Jerry H.},
	year = {1983},
	keywords={secondary}
}

@book{jansen_brevitas:_1995,
	address = {Hilversum},
	title = {Brevitas: {Beschouwingen} over de beknoptheid van vorm en stijl in de renaissance},
	volume = {1},
	isbn = {978-90-6550-511-8},
	shorttitle = {Brevitas},
	language = {nl},
	publisher = {Verloren},
	author = {Jansen, Jeroen},
	year = {1995},
	note = {Google-Books-ID: TqkV6BXDVNEC},
	keywords={secondary}
}

@incollection{lamers_janus_2019,
	address = {Berlin \& Boston},
	series = {Trends in {Classics} - {Supplementary} {Volumes}},
	title = {Janus {Lascaris}' {Florentine} {Oration} and the '{Reception}' of {Ancient} {Aeolism}},
	language = {lat},
	number = {77},
	booktitle = {Making and {Rethinking} the {Renaissance}: {Between} {Greek} and {Latin} in 15th-16th {Century} {Europe}},
	publisher = {De Gruyter},
	author = {Lamers, Han},
	editor = {Abbamonte, Giancarlo and Harrison, Stephen},
	year = {2019},
	pages = {27--50},
	keywords={secondary}
}

@book{beller_imagology._2007,
	address = {Amsterdam \& New York},
	title = {Imagology. {The} {Cultural} {Construction} and {Literary} {Representation} of {National} {Characters}: {A} {Critical} {Survey}},
	isbn = {978-90-420-2317-8},
	shorttitle = {Imagology},
	abstract = {How do national stereotypes emerge? To which extent are they determined by historical or ideological circumstances, or else by cultural, literary or discursive conventions? This first inclusive critical compendium on national characterizations and national (cultural or ethnic) stereotypes contains 120 articles by 73 contributors. Its three parts offer [1] a number of in-depth survey articles on ethnic and national images in European literatures and cultures over many centuries; [2] an encyclopedic survey of the stereotypes and characterizations traditionally ascribed to various ethnicities and nationalities; and [3] a conspectus of relevant concepts in various cultural fields and scholarly disciplines. The volume as a whole, as well as each of the articles, has extensive bibliographies for further critical reading. Imagologyis intended both for students and for senior scholars, facilitating not only a first acquaintance with the historical development, typology and poetics of national stereotypes, but also a deepening of our understanding and analytical perspective by interdisciplinary and comparative contextualization and extensive cross-referencing.},
	language = {lat},
	publisher = {Rodopi},
	editor = {Beller, Manfred and Leerssen, Joep},
	year = {2007},
	keywords = {Social Science / Popular Culture, Social Science / Sociology / General},
	keywords={secondary}
}

@book{jones_images_1999,
	address = {Amsterdam \& Philadelphia},
	series = {Studies in the {History} of the {Language} {Sciences}},
	title = {Images of {Language}: {Six} {Essays} on {German} {Attitudes} to {European} {Languages} from 1500 to 1800},
	language = {lat},
	number = {89},
	publisher = {John Benjamins},
	author = {Jones, William Jervis},
	year = {1999},
	keywords={secondary}
}

@incollection{stenhouse_greekness_nodate,
	address = {Leiden \& Boston},
	title = {The {Greekness} of {Greek} {Inscriptions}: {Ancient} {Inscriptions} in {Early} {Modern} {Scholarship}},
	language = {lat},
	booktitle = {Receptions of {Hellenism} in {Early} {Modern} {Europe}: {Transmission}, {Representation}, and {Exchange}},
	publisher = {Brill},
	author = {Stenhouse, William},
	editor = {Constantinidou, Natasha and Lamers, Han},
	keywords={secondary}
}

@book{stenhouse_reading_2005,
	address = {London},
	series = {Bulletin of the {Institute} of {Classical} {Studies}, {Supplement}},
	title = {Reading {Inscriptions} and {Writing} {Ancient} {History}: {Historical} {Scholarship} in the {Late} {Renaissance}},
	language = {lat},
	number = {86},
	publisher = {Institute of Classical Studies},
	author = {Stenhouse, William},
	year = {2005},
	keywords={secondary}
}

@article{liddel_chronology_2014,
	title = {From {Chronology} to {Liberal} {Imperialism}: {Greek} {Inscriptions}, the {History} of {Greece}, and {Historiography} from {Selden} to {Grote}},
	volume = {26},
	copyright = {https://www.research.manchester.ac.uk/portal/en/publications/from-chronology-to-liberal-imperialism-greek-inscriptions-the-history-of-greece-and-historiography-from-selden-to-grote(dd39fb03-09bb-4d23-8a32-6b60412d4f7e).html},
	issn = {0954-6650},
	shorttitle = {From {Chronology} to {Liberal} {Imperialism}},
	language = {English},
	number = {3},
	urldate = {2017-01-17},
	journal = {Journal of the History of Collections},
	author = {Liddel, Peter},
	year = {2014},
	pages = {387--398},
	file = {Snapshot:C\:\\Users\\u0088685\\Zotero\\storage\\HDRSXXFZ\\from-chronology-to-liberal-imperialism-greek-inscriptions-the-history-of-greece-and-historiogra.html:text/html},
	keywords={secondary}
}

@incollection{mackridge_greek_2014,
	address = {Venezia},
	series = {Antichistica: {Filologia} e letteratura},
	title = {The {Greek} {Language} since 1750},
	language = {lat},
	number = {5/1},
	booktitle = {Storia e storie della lingua greca},
	publisher = {Ca' Foscari},
	author = {Mackridge, Peter},
	editor = {Carpinato, Caterina and Tribulato, Olga},
	year = {2014},
	pages = {133--164},
	keywords={secondary}
}

@incollection{cassio_parte_2016,
	address = {Firenze},
	edition = {Seconda edizione},
	title = {Parte {I}: {Introduzione} generale},
	isbn = {978-88-00-74579-6},
	abstract = {Fin dalle più antiche attestazioni scritte il greco si presenta scisso in numerosi dialetti, talvolta assai diversi tra loro e resi graficamente con sistemi differenti (sillabari e alfabeti locali). Nelle varianti letterarie di alcuni di questi dialetti sono stati composti dei testi in poesia e in prosa che si possono annoverare tra i maggiori contributi culturali arrivati fino a noi dal mondo antico. Questo volume offre una trattazione aggiornata, in prospettiva indoeuropea, della fonologia e della morfologia dei dialetti greci nel loro sviluppo storico, fino al loro esaurirsi in conseguenza del successo della koiné, il greco 'comune', dal IV secolo a.C. in poi, accanto a un esame linguistico e dialettale dei principali generi letterari: l'epica, la lirica monodica e corale, l'elegia, il giambo, la commedia siceliota e attica, la prosa ionica, attica e in koiné. Una novità interessante è costituita dal confronto, in ciascun capitolo, fra testi letterari e testi epigrafici.},
	language = {it},
	booktitle = {Storia delle lingue letterarie greche},
	publisher = {Le Monnier Università},
	author = {Cassio, Albio Cesare},
	editor = {Cassio, Albio Cesare},
	year = {2016},
	note = {Google-Books-ID: HCNFDQEACAAJ},
	keywords = {Language Arts \& Disciplines / Linguistics / Historical \& Comparative},
	pages = {1--133},
	keywords={secondary}
}

@incollection{mcinerney_heraclides_2012,
	address = {Leiden \& Boston},
	series = {Mnemosyne {Supplements}: {Monographs} on {Greek} and {Latin} {Language} and {Literature}},
	title = {Heraclides {Criticus} and the {Problem} of {Taste}},
	isbn = {978-90-04-23167-2},
	abstract = {How do people respond to and evaluate their sensory experiences of the natural and man-made world? What does it mean to speak of the value of aesthetic phenomena? And in evaluating human arts and artifacts, what are the criteria for success or failure? The sixth in a series exploring ancient values, this book investigates from a variety of perspectives aesthetic value in classical antiquity. The essays explore not only the evaluative concepts and terms applied to the arts, but also the social and cultural ideologies of aesthetic value itself. Seventeen chapters range from the life without the Muses to the Sublime, and from philosophical views to middle-brow and popular aesthetics. "Aesthetic value in classical antiquity" should be of interest to classicists, cultural and art historians, and philosophers.},
	language = {en},
	number = {350},
	booktitle = {Aesthetic {Value} in {Classical} {Antiquity}},
	publisher = {Brill},
	author = {McInerney, Jeremy},
	editor = {Sluiter, Ineke and Rosen, Ralph M.},
	year = {2012},
	note = {Google-Books-ID: jlXKM1jBhswC},
	keywords = {Literary Criticism / Ancient \& Classical, Philosophy / Aesthetics},
	pages = {243--264},
	keywords={secondary}
}

@article{clackson_latinitas_2015,
	title = {Latinitas, Ἑλληνισμός and {Standard} {Languages}},
	volume = {53},
	copyright = {10.17863/CAM.187},
	abstract = {In this paper, I ask whether we can usefully relate the terms Latinitas and Hellenismós with the modern concept of ‘Standard Languages’, and I examine the similarities and differences between ancient and modern notions of ‘correct’ language. The Greek term Hellenismós is recognized to have covered a wider range of linguistic varieties than encompassed under modern standard languages, and I argue that in the late Republic and the first century of the Roman Empire Latinitas was a similarly elastic concept. Through the example of variant orthographic practices in epigraphically attested legal texts, I show that there was considerable variation in written Latin texts throughout this period. Latin was not yet fully standardized (in the modern sense of the term) in the year 100 AD.},
	language = {lat},
	number = {2},
	urldate = {2017-02-01},
	journal = {Studi e Saggi Linguistici},
	author = {Clackson, James},
	year = {2015},
	pages = {309--330},
	file = {Snapshot:C\:\\Users\\u0088685\\Zotero\\storage\\3J2QDWEE\\256245.html:text/html},
	keywords={secondary}
}

@book{pfaffel_quartus_1981,
	address = {Königstein/Ts.},
	series = {Beiträge zur klassischen {Philologie}},
	title = {\textit{{Quartus} gradus etymologiae}: {Untersuchungen} zur {Etymologie} {Varros} in "{De} lingua {Latina}"},
	language = {de},
	number = {131},
	publisher = {Anton Hain},
	author = {Pfaffel, Wilhelm},
	year = {1981},
	keywords={secondary}
}

@book{taylor_lingua_1996,
	address = {Amsterdam \& Philadelphia},
	series = {Studies in the {History} of the {Language} {Sciences}},
	title = {De lingua {Latina} {X}: {A} {New} {Critical} {Text} and {English} {Translation} with {Prolegomena} and {Commentary}},
	isbn = {978-90-272-7608-7},
	shorttitle = {De {Lingua} {Latina} {X}},
	abstract = {De Lingua Latina X has never been so courageously edited nor so daringly translated as in this long-awaited sequel to Taylors Declinatio (SiHoLS 2). The editors intimate familiarity with both the extant archetype and Varros unique linguistic theory and practice make this volume indispensable for an understanding of LL X, one of the most important texts in the entire corpus of Latin grammatical writings. The stimulating Prolegomena introduce Varro, his revolutionary language science, book ten, and both the manuscript and the editorial traditions, and the Commentary explains in absorbing detail how and why the editor has set the text as he has. The worlds foremost Varro scholar of this day has successfully combined classical philology and the history of linguistics to produce an inspired new edition and novel translation of book ten of Varros magnum opus.},
	language = {lat},
	number = {85},
	publisher = {John Benjamins},
	author = {Taylor, Daniel J.},
	year = {1996},
	note = {Google-Books-ID: \_cFBAAAAQBAJ},
	keywords = {Language Arts \& Disciplines / Linguistics / General},
	keywords={secondary}
}

@incollection{dini_baltic_2004,
	address = {Amsterdam \& Philadelphia},
	series = {Current {Issues} in {Linguistic} {Theory}},
	title = {Baltic {Palaeocomparativism} and the {Idea} that {Prussian} {Derives} from {Greek}},
	isbn = {978-90-272-4768-1},
	abstract = {This collection of twenty-nine research papers is dedicated to the eminent Balticist, Slavicist and Indo-Europeanist, William R. Schmalstieg in commemoration of his seventy-fifth birthday. It contains contributions by specialists of mainly Baltic and Indo-European linguistics which are reflective of Schmalstieg's own scholarly interests over the decades of his career, including technical aspects of Baltic and Indo-European phonology, morphology and syntax, etymology, language universals, the history of linguistics and the Baltic text tradition. Contributors include prominent scholars from the United States and Europe, both east and west. All papers are in English, and all linguistic material in less commonly known languages is provided with an English translation, making the contents accessible to a wider audience of readers.},
	language = {en},
	number = {254},
	booktitle = {Studies in {Baltic} and {Indo}-{European} {Linguistics}: {In} {Honor} of {William} {R}. {Schmalstieg}},
	publisher = {John Benjamins},
	author = {Dini, Pietro U.},
	editor = {Baldi, Philip and Dini, Pietro U.},
	year = {2004},
	keywords = {Language Arts \& Disciplines / Linguistics / General},
	pages = {37--50},
	keywords={secondary}
}

@incollection{rhodes_pure_2015,
	address = {Basingstoke \& New York},
	series = {Early {Modern} {Literature} in {History}},
	title = {Pure and {Common} {Greek} in {Early} {Tudor} {England}},
	copyright = {©2015 Neil Rhodes},
	isbn = {978-1-349-48640-3 978-1-137-40149-6},
	abstract = {My title ‘pure and common Greek’ comes from the last of a series of polemics fired off by the militant Catholic, John Rastell, against John Jewel, Bishop of Salisbury, printed in Antwerp in 1566. On the face of it the phrase is nicely paradoxical, like the mechanicals’ ‘tedious brief scene … of very tragical mirth’ in A Midsummer Night’s Dream. After all, few attainments carry a greater air of elitism about them than the ability to read classical Greek. There is certainly nothing ‘common’ about it. Virginia Woolf found the remoteness of the Greeks reassuring: ‘Fate … has preserved them from vulgarity’, she declared in The Common Reader.1 More recently, the exclusiveness of Greek helps to account for the extraordinary success of Donna Tartt’s novel, The Secret History, where the reader enjoys the sense of special access to the private and privileged world of the Hampden Greek class while remaining, like its narrator, an outsider. But the aura of elitism, social as well as academic, that surrounds the study of classical Greek in the English-speaking world is not something that was present from the start. In the early sixteenth century, when Greek learning was first established in England, its role was far from being purely ornamental. Indeed, like all novelties, it was viewed with suspicion by many.},
	language = {en},
	urldate = {2017-02-13},
	booktitle = {The {Culture} of {Translation} in {Early} {Modern} {England} and {France}, 1500–1660},
	publisher = {Palgrave Macmillan},
	author = {Rhodes, Neil},
	editor = {Demetriou, Tania and Tomlinson, Rowan},
	year = {2015},
	keywords = {Early Modern/Renaissance Literature, Modern History, Literary Theory, Cultural Theory, Fiction, British and Irish Literature},
	pages = {54--70},
	file = {Snapshot:C\:\\Users\\u0088685\\Zotero\\storage\\HGA7P4S9\\10.html:text/html},
	keywords={secondary}
}

@book{francois_grammaire_1905,
	address = {Paris},
	title = {La grammaire du purisme et l'{Académie} française au {XVIII}$^{\textrm{e}}$ siècle: {Introduction} à l'étude des commentaires grammaticaux d'auteurs classiques},
	language = {fr},
	publisher = {Bellais},
	author = {François, Alexis},
	year = {1905},
	keywords={secondary}
}

@article{swiggers_francais_2009,
	title = {Le français et l'italien en lice: {L}'examen comparatif de leurs qualités chez {Henri} {Estienne}},
	volume = {5},
	language = {fr},
	journal = {Synergies Italie},
	author = {Swiggers, Pierre},
	year = {2009},
	pages = {69--76},
	keywords={secondary}
}

@incollection{swiggers_francais_1997,
	address = {Tübingen},
	title = {Français, italien (et espagnol): {Un} concours de "précellence" chez {Henri} {Estienne}},
	volume = {2},
	language = {fr},
	booktitle = {Italica et {Romanica}: {Festschrift} für {Max} {Pfister} zum 65. {Geburtstag}},
	publisher = {Max Niemeyer},
	author = {Swiggers, Pierre},
	editor = {Holtus, Günter and Kramer, Johannes and Schweickard, Wolfgang},
	year = {1997},
	pages = {297--311},
	keywords={secondary}
}

@book{roelcke_latein_2014,
	address = {Berlin \& Boston},
	title = {Latein, {Griechisch}, {Hebräisch}: {Studien} und {Dokumentationen} zur deutschen {Sprachreflexion} in {Barock} und {Aufklärung}},
	isbn = {978-3-11-034100-3},
	shorttitle = {Latein, {Griechisch}, {Hebräisch}},
	abstract = {How did German linguists think about Latin, the international lingua franca in the 17th and 18th centuries, and about Greek and Hebrew? Using wide-ranging sources and evidence, this study presents contemporary writings about genealogy, typology, borrowing, purism, and the use and teaching of foreign languages.},
	language = {de},
	publisher = {de Gruyter},
	author = {Roelcke, Thorsten},
	year = {2014},
	note = {pp. 137-138
pp. 246-254
pp. 351-353},
	keywords = {Language Arts \& Disciplines / General},
	keywords={secondary}
}

@incollection{schopsdau_vergleiche_1992,
	address = {Stuttgart},
	title = {Vergleiche zwischen {Lateinisch} und {Griechisch} in der antiken {Sprachwissenschaft}},
	language = {de},
	booktitle = {Zum {Umgang} mit fremden {Sprachen} in der griechisch-römischen {Antike}},
	publisher = {Franz Steiner},
	author = {Schöpsdau, Klaus},
	editor = {Müller, Carl Werner and Sier, Kurt and Werner, Jürgen},
	year = {1992},
	pages = {115--136},
	keywords={secondary}
}

@book{uguzzoni_tavole_1968,
	address = {Roma},
	series = {Pubblicazioni dell'{Istituto} di storia antica},
	title = {Le tavole greche di {Eraclea}},
	language = {ita},
	number = {7},
	publisher = {"L'Erma" di Bretschneider},
	author = {Uguzzoni, Arianna and Ghinatti, Franco},
	year = {1968},
	keywords = {Heraclean tablets.},
	keywords={secondary}
}

@book{denecker_ideas_2017,
	address = {Leiden \& Boston},
	series = {Supplements to {Vigiliae} {Christianae}},
	title = {Ideas on {Language} in {Early} {Latin} {Christianity}: {From} {Tertullian} to {Isidore} of {Seville}},
	language = {lat},
	number = {142},
	publisher = {Brill},
	author = {Denecker, Tim},
	year = {2017},
	keywords={secondary}
}

@article{gitner_sardismos:_2019,
	title = {\textit{{Sardismos}}: {A} {Rhetorical} {Term} for {Bilingual} or {Plurilingual} {Interaction}?},
	doi = {https://doi.org/10.1017/S0009838819000028},
	language = {lat},
	journal = {The Classical Quarterly},
	author = {Gitner, Adam},
	year = {2019},
	pages = {1--16},
	keywords={secondary}
}

@article{rutten_historicizing_2016,
	title = {Historicizing diaglossia},
	volume = {20},
	issn = {1467-9841},
	doi = {10.1111/josl.12165},
	abstract = {Auer (2005, 2011) presents a typology of present-day dialect/standard constellations in Europe, thereby reintroducing the concept of diaglossia, which refers to a situation with intermediate variants between dialect and standard. Characterizing the sociolinguistic landscape in many languages in Europe today, diaglossia is assumed to be a relatively recent phenomenon dating back to the late nineteenth or early twentieth century, following a previous stage of diglossia. Drawing on a range of case studies of post-Medieval English, German and Dutch, this article argues that the sociolinguistic situation in the Early and Late Modern period cannot be described in terms of diglossia, and is characterized by a ubiquity of intermediate variants instead, that is, by diaglossia. This means that diaglossia should be extended much farther back in time and is not a recent development following a state of diglossia.},
	language = {en},
	number = {1},
	urldate = {2017-09-26},
	journal = {Journal of Sociolinguistics},
	author = {Rutten, Gijsbert},
	year = {2016},
	keywords = {Dutch, English, German, Historical sociolinguistics, diaglossia, standardization},
	pages = {6--30},
	file = {Full Text PDF:C\:\\Users\\u0088685\\Zotero\\storage\\R3UF2K7Z\\Rutten - 2016 - Historicizing diaglossia.pdf:application/pdf;Snapshot:C\:\\Users\\u0088685\\Zotero\\storage\\FPTPF592\\abstract.html:text/html},
	keywords={secondary}
}

@book{harris_greek_1995,
	address = {Camberley},
	title = {Greek emigres in the {West}, 1400-1520},
	isbn = {978-1-871328-11-0},
	shorttitle = {Greek emigres},
	language = {lat},
	publisher = {Porphyrogenitus},
	author = {Harris, Jonathan},
	year = {1995},
	keywords={secondary}
}

@book{wackernagel_pathologiae_1876,
	address = {Basileæ},
	title = {De pathologiæ veterum initiis: {Dissertatio} inauguralis [...]},
	language = {lat},
	publisher = {typis expressit Officina Schweighauseriana},
	author = {Wackernagel, Jacob},
	year = {1876},
	note = {quam auctoritate atque consensu amplissimi philosophorum ordinis almæ Academiæ Basileensis ad summos in philosophia honores capessendos scripsit Jacobus Wackernagel Basileensis},
	keywords={secondary}
}

@article{van_rooy_regional_2018,
	title = {Regional language variation in {European} thought before 1500: {A} historical sketch reflecting current research},
	volume = {28},
	language = {lat},
	number = {2},
	journal = {Beiträge zur Geschichte der Sprachwissenschaft},
	author = {Van Rooy, Raf},
	year = {2018},
	pages = {167--216},
	keywords={secondary}
}

@book{vickers_arundel_2006,
	address = {Oxford},
	series = {Ashmolean {Handbooks}},
	title = {The {Arundel} and {Pomfret} {Marbles}},
	isbn = {978-1-85444-208-6},
	abstract = {The largest surviving portion of the first major collection of Classical antiques in Britain - the sculptures and inscriptions collected in the early 17th century by Thomas Howard, Earl of Arundel for his London House and garden - is in the Antiquities Department of the Ashmolean Musuem. This handbook tracks their eventful history before that came to rest in Oxford.},
	language = {en},
	publisher = {Ashmolean Museum},
	author = {Vickers, Michael},
	year = {2006},
	note = {Google-Books-ID: ZSgxAQAAIAAJ},
	keywords = {Art / American / General},
	keywords={secondary}
}

@incollection{alonso_deniz_dialect_2018,
	address = {Berlin \& Boston},
	series = {Trends in {Classics} - {Supplementary} {Volumes}},
	title = {The {Dialect} of {Thasos} and the {Transmission} of {Archilochus}' {Fragments}},
	isbn = {978-3-11-053213-5},
	abstract = {A new collective volume with over twenty important studies on less well-studied dialects of ancient Greek, particularly of the northern regions.  The book covers geographically a broad area of the classical Greek world ranging from Central Greece to the overseas Greek colonies of Thrace and the Black Sea. Particular emphasis is placed on the epichoric varieties of areas on the northern fringe of the classical Greek world, including Thessaly, Epirus and Macedonia. Recent advances in research are taken into consideration in providing state-of-the art accounts of these understudied dialects, but also of more well-known dialects like Lesbian. In addition, other papers address special intriguing topics in these, but also in other dialects, such as Thessalian, Lesbian and Ionic, or focus on important multi-dialectal corpora such as the oracular tablets from Dodona. Finally, a number of studies examine broader topics like the supraregional Doric koinai or the concept of dialect continuum, or even explore the possibility of an ancient Balkansprachbund, which included Greek too.  This new reference work covers a gap in current research and will be indispensable for people interested in Greek dialectology and ancient Greek in general.},
	language = {en},
	number = {49},
	booktitle = {Studies in {Ancient} {Greek} {Dialects}: {From} {Central} {Greece} to the {Black} {Sea}},
	publisher = {De Gruyter},
	author = {Alonso Déniz, Alcorac},
	editor = {Giannakis, Georgios K. and Crespo, Emilio and Filos, Panagiotis},
	year = {2018},
	note = {Google-Books-ID: UrxGDwAAQBAJ},
	keywords = {History / Ancient / General, Literary Criticism / Ancient \& Classical},
	pages = {531--560},
	keywords={secondary}
}

@book{weiss_les_2016,
	address = {Nancy \& Paris},
	series = {Travaux et mémoires: {Etudes} anciennes},
	title = {Les {Tables} d'{Héraclée}: Étude historique et linguistique},
	isbn = {978-2-913667-48-8},
	shorttitle = {Les {Tables} d'{Héraclée}},
	language = {French},
	number = {63},
	publisher = {A.D.R.A. \& De Boccard},
	author = {Weiss, Emmanuel},
	year = {2016},
	note = {OCLC: 970015941},
	keywords={secondary}
}

@incollection{ricciardi_da_1986,
	edition = {Online edition: {\textless} http://www.treccani.it/enciclopedia/ludovico-da-ponte\_\%28Dizionario-Biografico\%29/ {\textgreater} (last accessed February 5, 2019)},
	title = {Da {Ponte}, {Ludovico}},
	volume = {32},
	language = {it},
	booktitle = {Dizionario {Biografico} degli {Italiani}},
	author = {Ricciardi, Roberto},
	year = {1986},
	keywords={secondary}
}

@incollection{preston_perceptual_2018,
	address = {Hoboken, NJ},
	series = {Blackwell {Handbooks} in {Linguistics}},
	title = {Perceptual {Dialectology}},
	language = {lat},
	booktitle = {The {Handbook} of {Dialectology}},
	publisher = {Wiley Blackwell},
	author = {Preston, Dennis R.},
	editor = {Boberg, Charles and Nerbonne, John and Watt, Dominic},
	year = {2018},
	pages = {177--203},
	keywords={secondary}
}

@article{silverstein_indexical_2003,
	title = {Indexical order and the dialectics of sociolinguistic life},
	volume = {23},
	language = {lat},
	journal = {Language \& Communication},
	author = {Silverstein, Michael},
	year = {2003},
	pages = {193--229},
	keywords={secondary}
}

@incollection{conduche_latin_nodate,
	address = {Münster},
	title = {Latin et dialectes grecs chez {Priscien}: {De} la périphérie au centre},
	language = {fr},
	booktitle = {Essays in the history of dialect studies from ancient grammar to modern dialectology},
	publisher = {Nodus},
	author = {Conduché, Cécile},
	editor = {Van Rooy, Raf},
	keywords={secondary}
}

@incollection{van_rooy_tradition_nodate,
	title = {Tradition, synthesis, and innovation: {An} early eighteenth-century dissertation on dialects},
	language = {lat},
	booktitle = {Early {Modern} {Disputations} and {Dissertations} in an {Interdisciplinary} and {European} {Context}},
	author = {Van Rooy, Raf},
	editor = {Hanspeter, Marti and Seidel, Robert},
	keywords={secondary}
}

@incollection{van_rooy_latin_nodate,
	address = {Turnhout},
	title = {A {Latin} defence of early modern {Greek} culture: {Alexander} {Helladius}’s \textit{{Status} praesens} (1714) and its linguistic arguments},
	language = {lat},
	booktitle = {Post-{Byzantine} {Latinitas}: {Latin} in {Post}-{Byzantine} {Scholarship} (15th-19th cent.)},
	publisher = {Brepols},
	author = {Van Rooy, Raf},
	editor = {Deligiannis, Ioannis and Pappas, Vasileios and Vaiopoulos, Vaios},
	keywords={secondary}
}

@book{pall_hellenostephanos._2018,
	address = {Tartu},
	series = {Morgensterni {Seltsi} toimetised {\textbar} {Acta} {Societatis} {Morgensternianae}},
	title = {Hellenostephanos. {Humanist} {Greek} in {Early} {Modern} {Europe}: {Learned} {Communities} between {Antiquity} and {Contemporary} {Culture}},
	copyright = {http://creativecommons.org/licenses/by-nc-nd/4.0/},
	isbn = {978-9949-77-823-2 978-9949-77-758-7},
	shorttitle = {Hellenostephanos. {Humanist} {Greek} in {Early} {Modern} {Europe}},
	language = {en},
	number = {6-7},
	urldate = {2019-02-22},
	publisher = {University of Tartu Press},
	author = {Päll, Janika and Volt, Ivo},
	year = {2018},
	file = {Snapshot:C\:\\Users\\u0088685\\Zotero\\storage\\H7MGSYTA\\search.html:text/html},
	keywords={secondary}
}

@book{van_rooy_language_nodate,
	address = {Oxford},
	title = {Language or {Dialect}? {The} {History} of a {Conceptual} {Pair}},
	language = {lat},
	publisher = {Oxford University Press},
	author = {Van Rooy, Raf},
	keywords={secondary}
}

@article{van_rooy_koine_nodate,
	title = {From koine to standard: {The} early modern making of a key metalinguistic concept},
	language = {nl},
	journal = {Language \& History},
	author = {Van Rooy, Raf},
	keywords={secondary}
}

@book{wilson_byzantium_2016,
	address = {London, Oxford, New York, New Delhi \& Sydney},
	edition = {Second edition},
	title = {From {Byzantium} to {Italy}: {Greek} {Studies} in the {Italian} {Renaissance}},
	isbn = {978-1-4742-5048-1},
	shorttitle = {From {Byzantium} to {Italy}},
	abstract = {Which famous poet treasured his copy of Homer, but could never learn Greek? What prompted diplomats to circulate a speech by Demosthenes – in Latin translation – when the Turks threatened to invade Europe? Why would enthusiastic Florentines crowd a lecture on the Roman Neoplatonist Plotinus, but underestimate the importance of Plato himself? Having all but disappeared during the Middle Ages, classical Greek would recover a position of importance – eventually equal to that of classical Latin - only after a series of surprising failures, chance encounters, and false starts.This important study of the rediscovery and growing influence of classical Greek scholarship in Italy from the 14th to the early 16th centuries is brought up to date in a new edition that reflects on the recent developments in the field of classical reception studies, and contains fully up-to-date references to aid students and scholars. From a leading authority on Greek palaeography in the English-speaking world, here is a complete account of the historic rediscovery of Greek philosophy, language and literature during the Renaissance, brought up-to-date for a modern audience of classicists, historians, and students and scholars of reception studies and the Classical Tradition.},
	language = {en},
	publisher = {Bloomsbury},
	author = {Wilson, N. G.},
	year = {2016},
	note = {Google-Books-ID: eq0mDQAAQBAJ},
	keywords = {Literary Collections / Ancient \& Classical, Literary Criticism / Ancient \& Classical, Literary Criticism / Renaissance, History / Europe / Renaissance, History / Europe / Medieval, Literary Collections / Medieval},
	keywords={secondary}
}

@book{said_orientalism_2003,
	address = {London et al.},
	title = {Orientalism},
	language = {en},
	publisher = {Penguin},
	author = {Said, Edward W.},
	year = {2003},
	keywords={secondary}
}
