% Include entries that you actually cite. Do not copy here your whole bib-file.

@incollection{Bobaljik1998,
  author = {Jonathan Bobaljik},
  title = {Floating quantifiers: {Handle} with care},
  booktitle = {The Second {Glot} {International} State-of-the-Article Book},
  editor = {Lisa Cheng and Rint Sybesma},
  pages = {107--148},
address = {Berlin, Boston},
publisher = {De Gruyter Mouton},
  year = {2003},
doi = {10.1515/9783110890952.107},
}

@article{Boskovic2004,
author = {Željko Bošković},
year = {2004},
month = {11},
pages = {681--742},
title = {Be Careful Where You Float Your Quantifiers},
volume = {22},
journal = {Natural Language \& Linguistic Theory},
doi = {10.1007/s11049-004-2541-z},
}

@incollection{Boskovic2008,
    author = {Željko Bošković},
    title = {What will you have, {DP} or {NP}?},
    booktitle = {{NELS} 37: {Proceedings} of the 37th Annual Meeting of the {North East Linguistic Society}},
    editor = {Emily Elfner and Martin Walkow},
    year = {2008},
    pages = {101--114},
    publisher={Booksurge Publishing},
address={Amherst, MA}
}

@incollection{Buring2011,
    author = {Daniel Büring},
    title = {Pronouns},
    booktitle = {Semantics: {An} International Handbook of Natural Language Meaning},
    editor = {Klaus von Heusinger and Claudia Maienborn and Paul Portner},
    publisher = {De Gruyter Mouton},
    address = {Berlin},
    year = {2011},
    pages = {971--996},
}

@phdthesis{Butschety2023,
    author = {Madeleine Butschety},
    title = {Inclusory Constructions},
    school = {University of Graz},
address = {Graz},
    year = {2023},
}



@incollection{Cable2017,
  author      = {Seth Cable},
  title       = {{Some observations on the plural pronoun construction of Tlingit, Polish, and Russian}},
  editor      = {Claire Halpert and Hadas Kotek and Coppe van Urk},
  booktitle   = {A Pesky Set: {Papers for David Pesetsky}},
  publisher   = {MIT Press},
  address     = {Cambridge, MA},
  year        = {2017},
  pages       = {266-290},
}


@book{Chomsky1981,
  author = {Noam Chomsky},
  title = {Lectures on Government and Binding},
  publisher = {Foris},
  year = {1981},
  address = {Dordrecht},
  doi = {10.1515/9783110884166},
}


@phdthesis{Daniel2000,
    author = {Mikhail Daniel},
    title = {Tipologija associativnoj mno\v{z}estvennosti},
    school = {Russian State University for Humanities},
address = {Moscow},
    year = {2000},
}




@article{Dyla1988,
    author = {Stefan Dy\l a},
    title = {Quasi-Comitative Coordination in {Polish}},
    journal = {Linguistics},
    year = {1988},
    volume = {26},
    pages = {383--414},
doi={10.1515/ling.1988.26.3.383},
}


@article{Elbourne2008,
    author = {Paul Elbourne},
    title = {The Interpretation of Pronouns},
    journal = {Language and Linguistics Compass},
    volume = {2},
number = {1},
    year = {2008},
    pages = {119--150},
    doi = {10.1111/j.1749-818x.2007.00041.x},
}

@incollection{FeldmanDyla2008,
    author = {Anna Feldman and Stefan Dy\l a},
    title = {On Comitative Constructions in {Polish and Russian}},
    editor = {Lew Zybatow and Gerhild Zybatow and Luka Szucsich and Roland Meyer},
    booktitle = {Formal Description of {Slavic} Languages: {The} Fifth Conference, {Leipzig} 2003},
    publisher = {Peter Lang},
    address = {Frankfurt am Main},
    year = {2008},
}

@incollection{Feldman2003,
    author = {Anna Feldman},
    title = {Comitative and Plural Pronoun Constructions},
    editor = {Yehuda N. Falk},
    booktitle = {Proceedings of the 17th Annual Meeting of the {Israel Association of Theoretical Linguistics}},
    year = {2003},
    URL = {https://www.iatl.org.il/?page_id=155},
}

@phdthesis{Fitzpatrick2006,
    title = {The Syntactic and Semantic Roots of Floating Quantification},
    author = {Justin M. Fitzpatrick},
    school = {MIT},
    address = {Cambridge, MA},
    year = {2006},
    URL = {https://dspace.mit.edu/handle/1721.1/37420},
}


@book{HeimKratzer1998,
	year = {1998},
	title = {Semantics in Generative Grammar},
	publisher = {Blackwell},
	author = {Irene Heim and Angelika Kratzer},
    address = {Malden, MA},
}


@article{Hornstein1999,
  title={Movement and Control},
  author={Norbert Hornstein},
  journal={Linguistic Inquiry},
  year={1999},
  volume={30},
number = {1},
  pages={69--96},
  URL = {https://www.jstor.org/stable/4179050},
}


@incollection{Kayne1981,
    author = {Richard Kayne},
    title = {Binding, quantifiers, clitics and control},
    editor = {Frank Heny},
    booktitle = {Binding and Filtering},
    publisher = {MIT Press},
    address = {Cambridge, MA},
    year = {1981},
    pages = {191--211},
doi={10.1515/9783111682228-005},
}


@incollection{Ladusaw1989,
  author = {William A. Ladusaw},
  title = {Group Reference and the Plural Pronoun Construction},
  publisher = {UCSC Syntax Research Center},
  year = {1989},
  booktitle = {Papers on the Plural Pronoun Construction and Comitative Coordination},
  number = {SRC-89-02},
  address = {Santa Cruz, CA},
  pages = {1--7},
}


@article{Landau2003,
  author = {Idan Landau},
  title = {Movement out of Control},
  journal = {Linguistic Inquiry},
  volume = {34},
  number = {3},
  pages = {471--498},
  year = {2003},
  url = {http://www.jstor.org/stable/4179243},
}


@book{LarsonSegal1995,
  author = {Richard Larson and Gabriel Segal},
  title = {Knowledge of Meaning: {An} Introduction to Semantic Theory},
  publisher = {MIT Press},
  year = {1995},
  address = {Cambridge, MA},
doi={10.7551/mitpress/4076.001.0001},
}



@article{Liptak2015,
  author = {Anikó Lipták},
  title = {Identity in Ellipsis: {An} Introduction},
  journal = {Lingua},
  volume = {166},
  number = {B},
  pages = {155--171},
  year = {2015},
  doi = {10.1016/j.lingua.2015.08.003},
}


@incollection{Link1983,
    author = {Godehard Link},
    title = {The Logical Analysis of Plurals and Mass Terms: {A} Lattice-Theoretic Approach},
    booktitle = {Formal Semantics: {The} Essential Readings},
    publisher = {Blackwell},
    year = {1983},
    address = {Malden, MA},
    editor = {Paul Portner and Barbara H. Partee},
    pages = {127-147},
doi={10.1515/9783110852820.302},
}




@article{McNally1993,
  title={Comitative coordination: {A} case study in group formation},
  author={Louise McNally},
  journal={Natural Language \& Linguistic Theory},
  year={1993},
  volume={11},
  pages={347--379},
  doi = {10.1007/BF00992917},
}


@article{Nunberg1993,
    author = {Geoffrey Nunberg},
    title = {Indexicality and deixis},
    journal = {Linguistics and Philosophy},
    year = {1993},
    volume = {16},
number = {1},
    pages = {1--43},
    URL = {https://www.jstor.org/stable/25001498},
}



@incollection{Merchant1996,
    author = {Jason Merchant},
    title = {{Object scrambling and quantifier float in German}},
    editor = {Kiyomi Kusumoto},
    booktitle = {{NELS 26: Proceedings of the North East Linguistic Society}},
    publisher = {GLSA},
    address = {Amherst, MA},
    year = {1996},
    pages = {179--193},
}
  

@Article{Shlonsky1991,
    author = {Ur Shlonsky},
    title = {{Quantifiers as functional heads: A study of quantifier float in Hebrew}},
    journal = {Lingua},
    year = {1991},
    volume = {84},
number = {2--3},
    pages = {159--180},
    doi = {10.1016/0024-3841(91)90069-H},
}


@article{SigurdssonWood2021,
    author = {Halldór Ármann Sigurdsson and Jim Wood},
    title = {\textit{We {Olaf}}: {Pro[(x-)NP]} constructions in {Icelandic} and beyond},
    journal = {Glossa: a journal of general linguistics},
    volume = {5},
    year = {2020},
    pages = {1--16},
    doi = {10.5334/gjgl.1054},
}

@Article{Sokolova2019,
    author = {Jana Sokolov\'{a}},
    title = {On Comitative Constructions in {Slovak}},
    journal = {Skase Journal of Theoretical Linguistics},
    year = {2019},
    volume = {16},
    number = {3},
    pages = {90--107},
}

@Article{Sportiche1988,
    author = {Dominique Sportiche},
    title = {A theory of floating quantifiers and its corollaries for constituent structure},
    journal = {Linguistic Inquiry},
    year = {1988},
    volume = {84},
number = {3},
    pages = {425--449},
    URL = {https://www.jstor.org/stable/25164903},
}


@article{Stokke2022,
	volume = {65},
	year = {2022},
	pages = {1083--1115},
	author = {Andreas Stokke},
	journal = {Inquiry: An Interdisciplinary Journal of Philosophy},
	number = {8},
	title = {Features of Referential Pronouns and Indexical Presuppositions},
	doi = {10.1080/0020174x.2020.1801500},
}


@book{Szabolcsi2010, 
    place={Cambridge}, 
    series={Research Surveys in Linguistics}, 
    title={Quantification}, 
    DOI={10.1017/CBO9780511781681}, 
    publisher={Cambridge University Press}, 
    author={Szabolcsi, Anna}, 
    year={2010}, 
    address={Cambridge},
}

@incollection{Trawinski2005,
    author = {Beata Trawinski},
    title = {Plural Comitative Constructions in {Polish}},
    editor = {Stefan M\"{u}ller},
    booktitle = {Proceedings of the 12\textsuperscript{th} International Conference on {Head-Driven Phrase Structure Grammar}},
    publisher = {CSLI Publications},
    address = {Stanford, CA},
    year = {2005},
    pages = {375--395},
}


@incollection{VassilievaLarson2001,
    author = {Maria B. Vassilieva and Richard K. Larson},
    title = {The Semantics of the Plural Pronoun Construction},
    editor = {Rachel Hastings and Brendan Jackson and Zsofia Zvolenszky},
    booktitle = {Proceedings of {SALT 11}},
    publisher = {CLC Publications},
    address = {Ithaca, NY},
    year = {2001},
    pages = {449--465},
url={https://journals.linguisticsociety.org/proceedings/index.php/SALT/article/view/2853/2593}
}


@Article{VassilievaLarson2005,
    author = {Maria B. Vassilieva and Richard K. Larson},
    title = {The Semantics of the Plural Pronoun Construction},
    journal = {Natural Language Semantics},
    year = {2005},
    volume = {13},
    pages = {101--124},
    doi = {10.1007/s11050-004-1031-5},
}


@Article{VulchanovaGiusti1995,
    author = {Mila Vulchanova and Guiliana Giusti},
    title = {Quantified Noun Phrase Structure in {Bulgarian}},
    journal = {University of Venice Working Papers in Linguistics},
    year = {1995},
    volume = {5},
    number = {1},
    pages = {43--65},
}

