@book{langsci-current-book, author = {\@latex@warning@no@line {No \noexpand \author given}}, title = {{\@latex@error {No \noexpand \title given}\@ehc }}, year = {2022}, series = {Empirically Oriented Theoretical \\Morphology and Syntax}, number = {??}, location = {Berlin}, publisher = {Language Science Press}, options = {dataonly=true} } 
