@article{AguilarMuñoz2014,
	author = {Aguilar, Marta  and  Muñoz, Carmen},
	number = {1},
	pages = {1–18},
	title = {The effect of proficiency on {CLIL} benefits in Engineering students in {Spain}},
	journal ={International Journal of Applied Linguistics},
	volume = {24},
	year = {2014}
}

@phdthesis{Kling2013,
	author = {Kling, Soren, Joyce},
	school = {University of Copenhagen},
	title = {Teacher identity in {{{{English}}}-Medium} Instruction: {{T}}eacher cognitions from a {Danish} tertiary education context},
	year = {2013}
}

@phdthesis{Isaacs2010,
	author = {Isaacs, Talia},
	school = {McGill University, Montreal},
	title = {Issues and arguments in the measurement of second language pronunciation},
	year = {2010}
}

@phdthesis{Gundermann2014,
	address = {EMI},
	author = {Gundermann, Susanne},
	school = {Universität Freiburg},
	title = {Modelling the role of the Native speaker in a {Lingua Franca} Context},
	year = {2014}
}

@misc{Wrembel2013,
	author = {Wrembel, Magdalena},
	title = {Cross-linguistic influence in the acquisition of {VOT} in a third language},
	note ={Paper presented at the 7th international symposium on the acquisition of second language speech (New Sounds), Concordia University},
	year = {2013}
}

@misc{Sánchez-Hernández2016,
	author = {Sánchez-Hernández, Adriana},
	note = {Paper presented at the International conference on intercultural pragmatics and communication, Split. 10--12 June 2016},
	title = {Pragmatic routines during study abroad programs; The impact of acculturation and intensity of interaction},
	year = {2016}
}

@article{Swain1981,
	author = {Swain, Merrill},
	title = {Time and timing in bilingual education},
	journal ={Language Learning},
	volume={31},
	number ={1},
	pages ={115},
	year = {1981}
}

@misc{SpanishMinistryofEducation2015,
	author = {{Spanish Ministry of Education}},
	title = {Strategy for the Internationalisation of {{Spanish}} Universities},
	url = {http://www.mecd.gob.es/educacion-mecd/dms/mecd/educacion-mecd/areas-educacion/universidades/politica-internacional/estrategia-internacionalizacion/EstrategiaInternacionalizaci-n-ENGLISH.pdf (6 May, 2017).},
	year = {2015}
}

@book{Pérez2014,
	editor = {Pérez Vidal, Carmen},
	title = { Language acquisition in study abroad and formal instruction contexts \biberror{(Vol. 13)}},
	publisher ={John Benjamins},
	address ={Amsterdam},
	year = {2014}
}

@misc{Identity2016,
	title = {Identity [Def. 2]},
	booktitle = {{Oxford Dictionaries Online}},
	urldate ={2016-03-21},
	url = {http://www.oxforddictionaries.com/definition/english/identity},
	year = {2016}
}

@misc{Identity2016,
	author = {Identity [Def. 1]},
	booktitle = {{Oxford Dictionaries Online}},
	urldate ={2016-03-21},
	url = {http://www.oxforddictionaries.com/definition/english/identity},
	year = {2016}
}

@misc{Graddol2006,
	author = {Graddol, David},
	title = {{{{English}}} next},
	publisher ={British Council},
	year = {2006}
}

@misc{European1999,
	author = {{European \biberror{Minister} of Education}},
	title = {The declaration of Bologna},
	date ={1999-06-19}
}

@article{DoizEtAl2014,
	author = {Doiz, Aintzane  and  Lasagabaster, David  and  Manuel Sierra, Juan},
	title = {{{CLIL}} and motivation the effect of individual and contextual variables},
	journal ={The Language Learning Journal},
	year = {2014},
	volume ={\biberror{???}}
}

@misc{CoyleEtAl2009,
	author = {Coyle, Do  and  Holmes, Bernardette  and  King, Lid},
	title = {Towards an integrated curriculum – {{{CLIL}}} national statement and guidelines. },
	url = {http://www.rachelhawkes.com/PandT/CLIL/CLILnationalstatementandguidelines.pdf},
	urldate={2017-09-14},
	year = {2009}
}

@misc{CollinsEtAl1999,
	author = {Collins, Laura and Randall H. Halter and Patsy M. Lightbown  and  Nina Spada},
	title = {Time and the Distribution of Time in L2 Instruction},
	journal ={TESOL Quarterly },
	volume ={33},
	numnber ={4},
	pages ={655},
	year = {1999}
}

@misc{Cohen1988,
	author = {Cohen, Jacob},
	title = {Statistical Power Analysis for the Behavioral Sciences},
	address ={\biberror{???}}
	publisher ={\biberror{???}},
	year = {1988}
}

@misc{BritishCouncil2016,
	author = {{British Council}},
	title = {The core inventory for general {{{English}}}\biberror{ – resources – equals}},
	url={http://www.eaqualsorg/resources/the-core-inventory-for-general-english/},
	urldate = {2017-07-17},
	year = {2016}
}

@misc{AireyLinder2007,
	author = {Airey, John  and  Linder, Cedric},
	pages = {161–171},
	title = {Disciplinary learning in a second language: {{A}} case study from {Swedish} university physics},
	year = {2007}
	address ={\biberror{??}},
	publishers ={\biberror{??}}	
}

@incollection{Yavaş2007,
	address = {Florianópolis},
	author = {Yavaş, Mehmet},
	booktitle = {New sounds 2007: {{P}}roceedings of the 5th international symposium on the acquisition of second language speech},
	editor = {Andréia S. Rauber and Michael A. Watkins and Barbara O. Baptista},
	pages = {492–498},
	publisher = {UFPR},
	sortname = {Yavas, Mehmet},
	title = {Factors influencing the {{VOT}} of {{{English}}} long lag stops and interlanguage phonology},
	year = {2007}
}

@incollection{Yashima2009,
	address = {\biberror{no address}},
	author = {Yashima, Tomoko},
	booktitle = {Motivation, language identity and the {L2} self},
	editor = {Zoltán Dörnyei and Ema Ushioda},
	pages = {144–163},
	publisher = {Multilingual Matters},
	title = {International posture and the ideal L2 self in the {{Japanese}} {{EFL}} context},
	year = {2009}
}

@incollection{Wrembel2011,
	address = {Hong Kong},
	author = {Wrembel, Magdalena},
	booktitle = {{Proceedings of the 17th international congress of phonetic sciences}},
	pages = {2157–2160},
	title = {Cross-linguistic influence in third language acquisition of voice onset time},
	year = {2011}
}

@incollection{Wilkinson2013,
	address = {Bristol},
	author = {Wilkinson, Robert},
	booktitle = {{{{English}}}-medium instruction at universities: {{G}}lobal challenges},
	editor = {Aintzane Doiza and David Lasagabaster and Juan Manuel Sierra},
	pages = {3–27},
	publisher = {Multilingual Matters},
	title = {{{{English}}}-medium instruction at a Dutch university: {{C}}hallenges and pitfalls},
	year = {2013}
}

@incollection{Ward2004,
	address = {Thousand Oaks, CA},
	author = {Ward, Colleen},
	booktitle = {Handbook of intercultural training},
	editor = {Daniel Landis and Janet M. Bennett and Milton J. Bennett},
	pages = {185--216},
	publisher = {Sage Publications},
	title = {Psychological theories of culture contact and their implications for intercultural training and interventions},
	year = {2004}
}

@incollection{Ushioda2009,
	address = {Bristol},
	author = {Ushioda, Ema},
	booktitle = {Motivation, language identity and the L2 self},
	editor = {Zoltán Dörnyei and Ema Ushioda},
	pages = {215–228},
	publisher = {Multilingual Matters},
	title = {A person-in-context relational view of emergent motivation, self and identity},
	year = {2009}
}

@incollection{Turnbull1998,
	address = {Toronto},
	author = {Turnbull, Miles, Sharon Lapkin, Doug Hart  and  Merrill Swain},
	booktitle = {{{French}} second language education in Canada: {{E}}mpirical studies},
	editor = {S. Lapkin},
	pages = {31–55},
	publisher = {University of Toronto Press},
	title = {Time on task and immersion graduates’ {{French}} proficiency},
	year = {1998}
}

@incollection{TorrasEtAl2006,
	address = {Clevedon},
	author = {Torras, María Rosa, Teresa Navés, Maria Luz Celaya  and  Carmen Pérez-Vidal},
	booktitle = {Age and the Rate of Foreign Language Learning},
	editor = {C. Muñoz},
	pages = {156--182},
	publisher = {Multilingual Matters},
	sortname = {Torras, Maria Rosa, Teresa Naves, Maria Luz Celaya  and  Carmen Perez-Vidal},
	title = {Age and {{IL}} development in writing},
	year = {2006}
}

@incollection{ToribioEtAl2005,
	address = {Amsterdam},
	author = {Toribio, Almeida Jacqueline  and  Bullock, Barbara E.  and  Botero, Christopher G.  and  Davis, Kristopher Allen},
	booktitle = {Theoretical and experimental approaches to {Romance} linguistics},
	editor = {Randall Gess and Edward J. Rubin},
	pages = {291–306},
	publisher = {Benjamins},
	sortname = {Toribio, Almeida Jacqueline  and  Bullock, Barbara E.  and  Botero, Christopher G.  and  Davis, Kristopher Allen},
	title = {Perseverative phonetic effects in bilingual code-switching},
	year = {2005}
}

@incollection{Thomson2013,
	address = {Hoboken, NJ},
	author = {Thomson, Ron I.},
	booktitle = {The encyclopedia of applied linguistics},
	editor = {Chapell, Carol A.},
	pages = {\biberror{no pages}},
	publisher = {Wiley-Blackwell},
	sortname = {Thomson, Ron I.},
	title = {Accent reduction},
	year = {2013}
}



@incollection{TaguchiEtAl2009,
	address = {Bristol},
	author = {Taguchi, Tatsuya  and  Magid, Michael  and  Papi, Mostafa},
	booktitle = {Motivation, language identity and the L2 self},
	editor = {Zoltán Dörnyei and Ema Ushioda},
	pages = {66–97},
	publisher = {Multilingual Matters},
	title = {The L2 motivational self system among {Japanese}, {Chinese} and {Iranian} learners of {English}: {{A}} comparative study},
	year = {2009}
}

@incollection{Taguchi2017,
	address = {London},
	author = {Taguchi, Naoko},
	booktitle = {The {{Routledge}} handbook of pragmatics},
	editor = {Barron, Anne and Grundy, Peter and Steen, Gerard and Gu, Yueguo},
	pages = {153--167},
	publisher = {Routledge},
	title = {Interlanguage pragmatics: {{A}} historical sketch and future directions},
	year = {2017}
}

@incollection{Sykes2017,
	address = {Hoboken, NJ},
	author = {Sykes, Julie},
	booktitle = {The handbook of technology and second language teaching and learning},
	editor = {Sauro, Shannon and Chapelle, Carol},
	pages = {118--133},
	publisher = {John Wiley},
	title = {Technologies for teaching and learning intercultural competence and interlanguage pragmatics},
	year = {2017}
}

@incollection{Siegal1995,
	address = {Amsterdam},
	author = {Siegal, Mary},
	booktitle = {Second language acquisition in a study abroad context},
	editor = {Freed, Barbara},
	pages = {225--244},
	publisher = {Benjamins},
	title = {Individual differences and study abroad: {{W}}omen learning {{Japanese}} in {Japan}},
	year = {1995}
}

@incollection{SchmittEtAl2004,
	address = {Amsterdam},
	author = {Schmitt, Norbert  and  Dörnyei, Zoltán  and  Adolphs, Svenja  and  Durow, Valerie},
	booktitle = {Formulaic sequences: {{A}}cquisition, processing and use},
	editor = {Schmitt, Norbert},
	pages = {55--86},
	publisher = {Benjamins},
	sortname = {Schmitt, Norbert  and  Dornyei, Zoltan  and  Adolphs, Svenja  and  Durow, Valerie},
	title = {Knowledge and acquisition of formulaic sequences},
	year = {2004}
}

@incollection{Schmidt1983,
	address = {Rowley, MA},
	author = {Schmidt, Richard W.},
	booktitle = {Sociolinguistics and language acquisition},
	editor = {Wolfson, Nessa and Judd, Elliot},
	pages = {137–174},
	publisher = {Newbury House},
	sortname = {Schmidt, Richard W.},
	title = {Interaction acculturation, and the acquisition of communicative competence: {{A}} case study of an adult},
	year = {1983}
}

@incollection{SampasivamClément2014,
	address = {Bristol},
	author = {Sampasivam, Sinthujaa  and  Clément, Richard},
	booktitle = {Multiple perspectives of the self in {{SLA}}},
	editor = {Sarah Mercer and Marion Williams},
	pages = {23–35},
	publisher = {Multilingual Matters},
	sortname = {Sampasivam, Sinthujaa  and  Clement, Richard},
	title = {The dynamics of second language confidence: {{C}}ontact and interaction},
	year = {2014}
}

@incollection{Ryan2009,
	address = {Clevedon},
	author = {Ryan, Stephen},
	booktitle = {Motivation, Language Identity and the L2 Self},
	editor = {Zoltán Dörnyei and Ema Ushioda},
	pages = {120–144},
	publisher = {Multilingual Matters},
	title = {Self and identity in l2 motivation in japan: {{T}}he ideal l2 self and {{Japanese}} learners of {English}},
	year = {2009}
}

@incollection{Ryan2009,
	address = {Bristol},
	author = {Ryan, Stephen},
	booktitle = {Motivation, language identity and the L2 self},
	editor = {Zoltán Dörnyei and Ema Ushioda},
	pages = {120–143},
	publisher = {Multilingual Matters},
	title = {Self and identity in L2 motivation in {Japan}: {{T}}he ideal L2 self and {Japan}ese learners of {English}},
	year = {2009}
}

@incollection{RuizdeZarobe2011,
	address = {Frankfurt},
	author = {Ruiz de Zarobe, Yolanda},
	booktitle = {Content and foreign language integrated learning: {{C}}ontributions to multilingualism in {{European}} contexts},
	editor = {Yolanda Ruiz de Zarobe and Juan Manual Sierra and Francisco Gallardo del Puerto},
	pages = {129–153},
	publisher = {Peter Lang},
	title = {Which language competencies benefit from {{{CLIL}}}? {{A}}n insight into applied linguistics research},
	year = {2011}
}

@incollection{Roever2009,
	address = {Oxford},
	author = {Roever, Carsten},
	booktitle = {The handbook of language teaching},
	editor = {Long, Michael and Doughty, Catherine J.},
	pages = {560--577},
	publisher = {John Wiley \& sons},
	title = {Teaching and testing pragmatics},
	year = {2009}
}

@incollection{Regan2013,
	address = {Bristol},
	author = {Regan, Vera},
	booktitle = {Linguistic and cultural acquisition in a migrant community},
	editor = {David Singleton and Vera Regan and Ewelina Debaene},
	pages = {28–48},
	publisher = {Multilingual Matters},
	title = {The bookseller and the basketball player: {{T}}ales from the {French} Polonia},
	year = {2013}
}

@incollection{Pérez2015,
	address = {Amsterdam},
	author = {Pérez Vidal, Carmen},
	booktitle = {Content-based language learning in multilingual educational environments},
	editor = {Juan-Garau, Maria and Salazar-Noguera, Joana},
	pages = {31--50},
	publisher = {Springer International Publishing},
	sortname = {Perez Vidal, Carmen},
	title = {Languages for all in education: {{{C}}{LI}L} and {ICLH}{{E}} at the crossroads of multilingualism, mobility and internationalisation},
	year = {2015}
}

@incollection{Pérez-VidalEtAl2011,
	address = {Washington D. C.},
	author = {Pérez-Vidal, Carmen  and  Juan-Garau, Maria  and  Mora, Joan C.},
	booktitle = {Implicit and explicit conditions, Processes and knowledge in {SLA} and bilingualism},
	editor = {Cristina Sanz and Ronald P. Leow},
	pages = {115–138},
	publisher = {Georgetown University Press},
	sortname = {Perez-Vidal, Carmen  and  Juan-Garau, Maria  and  Mora, Joan C.},
	title = {The effects of formal instruction and study abroad contexts on foreign language development: {{T}}he {SALA} project},
	year = {2011}
}

@incollection{Pérez-Vidal2015,
	address = {Clevedon},
	author = {Pérez-Vidal, Carmen},
	booktitle = {{Bilingual} and Multilingual Education in the 21st Century: {{B}}uilding on experience},
	editor = {C. Abello-Contesse and P. M. Chandler and M. D. López-Jiménez and R. Chacón-Beltrán},
	pages = {59--85},
	publisher = {Multilingual Matters},
	sortname = {Perez-Vidal, Carmen},
	title = {Perspectives and lessons from the challenge of {{CLIL}} experiences},
	year = {2015}
}

@incollection{Pérez-Vidal2015,
	address = {Berlin},
	author = {Pérez-Vidal, Carmen},
	booktitle = {Content-based language learning in multilingual educational environments},
	editor = {Maria Juan-Garau and Joana Salazar-Noguera},
	pages = {31–50},
	publisher = {Springer},
	sortname = {Perez-Vidal, Carmen},
	title = {Languages for all in education: {{{CLIL}}} and {ICLHE} at the crossroads of multilingualism, mobility and internationalisation},
	year = {2015}
}

@incollection{Pérez-Vidal2013,
	address = {\biberror{no address}},
	author = {Pérez-Vidal, Carmen},
	booktitle = {{{Bilingual}} and multilingual education in the 21st century: {{B}}uilding on experience},
	editor = {Cristian Abello-Contesse and Paul M. Chandler and María Dolores López-Jiménez and Rubén Chacón-Beltrán},
	pages = {59–82},
	publisher = {\biberror{no publisher}},
	sortname = {Perez-Vidal, Carmen},
	title = {Perspectives and lessons from the challenge of {{{{CLIL}}}} experiences},
	year = {2013}
}

@incollection{Pérez-Vidal2011,
	address = {Bern},
	author = {Pérez-Vidal, Carmen},
	booktitle = {Content and foreign language integrated learning},
	editor = {Ruiz de Zarobe, Yolanda and Manual Sierra, Juan, and Gallardo del Puerto, Francisco},
	pages = {103--129},
	publisher = {Peter Lang},
	sortname = {Perez-Vidal, Carmen},
	title = {Language acquisition in three different contexts of learning: {{F}}ormal instruction, study abroad, and semi-immersion ({CLIL})},
	year = {2011}
}

@incollection{Pérez-Vidal2009,
	address = {Madrid},
	author = {Pérez-Vidal, Carmen},
	booktitle = {{CLIL} across educational levels: {{E}}xperiences from primary, secondary and tertiary contexts},
	editor = {Dafouz, Emma. and Guerrini, Michele C.},
	pages = {25--40},
	publisher = {Santillana Educación},
	sortname = {Perez-Vidal, Carmen},
	title = {The integration of content and language in the classroom: {{A}} {European} approach to education (the second time around)},
	year = {2009}
}

@incollection{Pérez-Vidal2008,
	address = {Barcelona},
	author = {Pérez-Vidal, Carmen},
	booktitle = {El multilingüisme a les universitats en l’espai europeu d’educació superior (Actes del Seminari del {{CUIMPB}-{CE}L} 2007).},
	editor = {Martí i Castell, Joan and Mestres i Serra, Josep Maria},
	pages = {115--141},
	publisher = {Institut d'Estudis Catalans},
	sortname = {Perez-Vidal, Carmen},
	title = {Política lingüística universitària catalana dins l’{{{{E}}{{E}}}{{{E}}S}} a la Universitat Pompeu Fabra: {{{{E}}}}l Pla d’Acció pel Multilingüisme},
	year = {2008}
}

@incollection{Polio2001,
	address = {Mahwah, NJ},
	author = {Polio, Charlene},
	booktitle = {On second language writing},
	editor = {T. Silva and P. Matsuda},
	pages = {91--116},
	publisher = {Erlbaum},
	title = {Research methodology in second language writing: {{T}}he case of text-based studies},
	year = {2001}
}

@incollection{Pihko2007,
	address = {Helsinki},
	author = {Pihko, Marja-kaisa},
	booktitle = {From brawn to brain: {{S}}trong signals in foreign language education proceedings of the {{Vikipeda-2007}}},
	editor = {Seppo Tella},
	pages = {129–143},
	publisher = {University of Helsinki},
	title = {Foreign language anxiety in content and language integrated learning ({{{CLIL}}}) classes and in traditional language classes},
	year = {2007}
}

@incollection{Pavón2001,
	address = {Cádiz},
	author = {Pavón Vázquez, Víctor},
	booktitle = {{{{English}}} Language Teaching Changing Perspectives in Context},
	editor = {Levey, David T. and Losey León and María Araceli and González Macías, Miguel Ángel},
	pages = {289--300},
	publisher = {Universidad de Cádiz (Servicio de Publicaciones)},
	sortname = {Pavon Vazquez, Victor},
	title = {El {Papel} del Profesor en la Enseñanza de la Pronunciación},
	year = {2001}
}

@incollection{NorrisOrtega2003,
	address = {Malden, MA},
	author = {Norris, John  and  Ortega, Lourdes},
	booktitle = {The handbook of second language acquisition},
	editor = {Doughty, Catherine J. and Long, Michael H.},
	pages = {716--761},
	publisher = {Blackwell},
	title = {Defining and measuring {SLA}},
	year = {2003}
}

@incollection{Nikula2008,
	address = {Clevedon, UK},
	author = {Nikula, Tarja},
	booktitle = {Investigating pragmatics in foreign language learning, teaching and testing},
	editor = {Alcón Soler, Eva and Martínez Flor, Alicia},
	pages = {94--113},
	publisher = {Multilingual Matters},
	title = {Learning pragmatics in content-based classrooms},
	year = {2008}
}

@incollection{NestorRegan2011,
	address = {Rotterdam},
	author = {Nestor, Niamh and  Regan, Vera},
	booktitle = {The changing faces of {Ireland}: {{E}}xploring the live of immigrant and ethnic minority children},
	editor = {Merike Darmody and Naomi Tyrrell and S. Song},
	pages = {35–52},
	publisher = {Sense Publishers},
	title = {The new kid on the block. {{A}} case study of young Poles, language and identity},
	year = {2011}
}

@incollection{NestorEtAl2012,
	address = {Amsterdam},
	author = {Nestor, Niamh  and  Ní Chasaide, Caitríona  and  Regan, Vera},
	booktitle = {New perspectives on {Irish} {English}},
	editor = {Bettina Migge and Máire Ní Chiosáin},
	pages = {327–354},
	publisher = {John Benjamins},
	sortname = {Nestor, Niamh  and  Ni Chasaide, Caitriona  and  Regan, Vera},
	title = {Discourse ‘like’ and social identity – a case study of Poles in {Ireland}},
	year = {2012}
}

@incollection{Munro2008,
	address = {Amsterdam},
	author = {Munro, Murray J.},
	booktitle = {Phonology and Second Language Acquisition},
	editor = {Hansen Edwards, Jette G. and Zampini, Mary L.},
	pages = {193--218},
	publisher = {John Benjamins Publishing Company},
	sortname = {Munro, Murray J.},
	title = {Foreign accent and speech intelligibility},
	year = {2008}
}

@incollection{Moyer2009,
	address = {Clevedon, UK},
	author = {Moyer, Alene},
	booktitle = {Input matters in {SLA}},
	editor = {Thorsten Piske and Martha Young-Scholten},
	pages = {159–174},
	publisher = {Multilingual Matters},
	title = {Input as a critical means to an end: {{Q}}uantity and quality of experience in L2 phonological attainment},
	year = {2009}
}

@incollection{Mora2014,
	address = {Barcelona},
	author = {Mora, Joan C.},
	booktitle = {{E}ns queda la paraula. {{E}}studis de lingüística aplicada en honor de M. {T}eresa Turell},
	editor = {Raquel Casesnoves and Montserrat Forcadell and Núria Gavaldà},
	pages = {83–101},
	publisher = {Institut Universitari de Lingüística Aplicada},
	title = {Inter-subject variation in L2 speech perception and cognitive abilities},
	year = {2014}
}

@incollection{Mora2008,
	address = {Clevendon, UK},
	author = {Mora, Joan C.},
	booktitle = {A portrait of the young in the new multilingual {{Spain}}},
	editor = {Carmen Pérez-Vidal and Maria Juan-Garau and Aurora Bel},
	pages = {241–263},
	publisher = {Multilingual Matters},
	title = {Learning context effects on the acquisition of a second language phonology},
	year = {2008}
}

@incollection{Mora2008,
	address = {Clevedon, UK},
	author = {Mora, Joan C.},
	booktitle = {A portrait of the young in the new multilingual {{Spain}}},
	editor = {Carmen Pérez-Vidal and María Juan-Garau and Aurora Bel},
	pages = {241–273},
	publisher = {Multilingual Matters},
	title = {Learning context effects on the acquisition of a second language phonology},
	year = {2008}
}

@incollection{MitchellEtAl2015,
	address = {Amsterdam},
	author = {Mitchell, Rosamond  and  Tracy-Ventura, Nicole  and  McManus, Kevin},
	booktitle = {Social interaction, identity and language learning during residence abroad},
	editor = {Rosamond Mitchell and Nicole Tracy-Ventura and Kevin McManus},
	pages = {7–13},
	publisher = {European Second Language Association},
	title = {Introduction},
	year = {2015}
}

@incollection{MitchellEtAl2015,
	address = {Amsterdam},
	author = {Mitchell, \biberror{R.}  and  McManus, \biberror{K.}  and  Tracy-Ventura, \biberror{N.}},
	booktitle = {Social interaction, identity and language learning during residence abroad},
	editor = {Rosamond Mitchell and Nicole Tracy-Ventura and Kevin McManus},
	pages = {115–138},
	publisher = {European Second Language Association},
	sortname = {Mitchell, R.  and  McManus, K.  and  Tracy-Ventura, N.},
	title = {Placement type and language learning during residence abroad},
	year = {2015}
}

@incollection{Milton2010,
	address = {\biberror{no address}},
	author = {Milton, James},
	booktitle = {Communicative proficiency and linguistic development: {{I}}ntersections between {{SLA}} and language testing research},
	editor = {Inge Bartning and Maisa Martin and Ineke Vedder},
	pages = {211–232},
	publisher = {\biberror{no publisher}},
	series = {Eurosla Monographs Series},
	title = {The development of  vocabulary breadth across the {{CEFR}} levels},
	volume = {1},
	year = {2010}
}

@incollection{MasgoretWard2006,
	address = {Cambridge},
	author = {Masgoret, Anne-Marie  and  Ward, Colleen},
	booktitle = {{Cambridge} handbook of acculturation psychology},
	editor = {David L. Sam and John W. Berry},
	pages = {59--77},
	publisher = {Cambridge University Press},
	title = {Culturelearning approach to acculturation},
	year = {2006}
}

@incollection{MarsdenEtAl2016,
	address = {New York},
	author = {Marsden, Emma  and  Mackey Alison  and  Plonsky, Luke},
	booktitle = {Advancing methodology and practice: {{T}}he {IRIS} Repository of Instruments for Research into Second Languages},
	editor = {Alison Mackey and Emma Marsden},
	pages = {1--21},
	publisher = {Routledge},
	title = {The {IRIS} Repository: {{A}}dvancing research practice and methodology},
	year = {2016}
}

@incollection{MargićŽeželić2015,
	address = {Berlin},
	author = {Margić, Branka. D. and Žeželić, Tea},
	booktitle = {{{{English}}} as a scientific and research language},
	editor = {Plo Alanstrué, Ramón and Pérez-Llantada, Carmen},
	pages = {311--332},
	publisher = {De Gruyter},
	sortname = {Margic, Branka. D. and Zezelic, Tea},
	title = {The implementation of {{{English}}}-medium instruction in Croatian higher education: {{A}}ttitudes, expectations and concerns},
	year = {2015}
}

@incollection{Manchón2013,
	address = {Malden},
	author = {Manchón, Rosa M.},
	booktitle = {The Psycholinguistics of Bilingualism},
	editor = {F. Grosjean and P. Li},
	pages = {102–116},
	publisher = {Wiley-Blackwell},
	sortname = {Manchon, Rosa M.},
	title = {The Psycholinguistics of {Bilingual} Writing: {{M}}apping the Terrain},
	year = {2013}
}

@incollection{MalvernRichards2000,
	address = {Groningen},
	author = {Malvern, David D.  and  Brian J. Richards},
	booktitle = {From Sound to Sentence: {{S}}tudies on First Language Acquisition},
	editor = {M. Beers and B. v. d. Bogaerde and G. Bol and J. de Jong and C. Rooijmans},
	pages = {81--96},
	publisher = {Centre for Language and Cognition},
	sortname = {Malvern, David D.  and  Brian J. Richards},
	title = {Validation of a New Measure of Lexical Diversity},
	year = {2000}
}

@incollection{Macksoud2010,
	address = {London},
	author = {Macksoud, Ruby},
	booktitle = {Introducing applied linguistics: {{C}}oncepts and skills},
	editor = {Susan Hunston and David Oakley},
	pages = {153–159},
	publisher = {Routledge},
	title = {Using interview data in case studies},
	year = {2010}
}

@incollection{LlurdaEtAl2013,
	address = {Amsterdam},
	author = {Llurda, Enric and Cots, Josep. M. and Armengol, Lurdes},
	booktitle = {Language alternation, language choice and language encounter in international tertiary education},
	editor = {Haberland, Hartmut and Lønsmann, Dorte and Preisler, Bent},
	pages = {203--222},
	publisher = {Springer Science \& Business Media},
	sortname = {Llurda, Enric and Cots, Josep. M. and Armengol, Lurdes},
	title = {Expanding language borders in a bilingual institution aiming at trilingualism},
	year = {2013}
}

@incollection{Lightbown2012,
	address = {Bristol},
	author = {Lightbown, Patsy M.},
	booktitle = {Intensive exposure experiences in second language learning},
	editor = {C. Muñoz},
	pages = {3–23},
	publisher = {Multilingual Matters},
	title = {Intensive L2 Instruction in {{Canada}}: {{W}}hy not Immersion?},
	year = {2012}
}

@incollection{Levis2006,
	address = {New York},
	author = {Levis, John M.},
	booktitle = {Spoken {{{English}}}, {{TESOL}} and applied linguistics: {{C}}hallenges for theory and practice},
	editor = {Hughes, Rebecca},
	pages = {245--270},
	publisher = {Palgrave Macmillan},
	sortname = {Levis, John M.},
	title = {Pronunciation and the assessment of spoken language},
	year = {2006}
}

@incollection{Levey2001,
	address = {Granada},
	author = {Levey, David Trevor},
	booktitle = {{{ELT}}2000: {{T}}hinking Back, Looking Forward },
	editor = {Harris, Tony and Roldan Miranda, María Inmaculada and Sanz Sainz, Inmaculada and Torreblanco Sojo, Montserrat},
	pages = {35--45},
	publisher = {Greta},
	title = {Stressing Intonation},
	year = {2001}
}

@incollection{Levey1999,
	address = {Granada},
	author = {Levey, David Trevor},
	booktitle = {{{ELT}}: {{T}}hrough the Looking Glass},
	editor = {Harris, Tony and Sanz Sainz, Inmaculada},
	pages = {215--226},
	publisher = {Greta},
	title = {Half Truths and White Lies: {{A}} Practical Pronunciation Guide for {{Spanish}} Speakers},
	year = {1999}
}

@incollection{Lasagabaster2015,
	address = {Berlin},
	author = {Lasagabaster, David},
	booktitle = {Content-based language learning in multilingual educational environments},
	editor = {Maria Juan-Garau and Joana Salazar Noguera},
	pages = {13–30},
	publisher = {Springer},
	title = {Different educational approaches to bi- or multilingualism and their effect on language attitudes},
	year = {2015}
}

@incollection{Larson-Hall2012,
	address = {Oxford},
	author = {Larson-Hall, Jenifer},
	booktitle = {Research methods in second language acquisition: {{A}} practical guide},
	editor = {Alison Mackey and Susan M. Gass},
	pages = {245–274},
	publisher = {Wiley-Blackwell},
	title = {How to run statistical analyses},
	year = {2012}
}

@incollection{Landman2011,
	address = {\biberror{no address}},
	author = {Landman, Fred},
	booktitle = {The {Baltic} International Yearbook of Cognition, Logic and Communication 6.},
	editor = {Skilters, Jurgis},
	pages = {1--67},
	publisher = {\biberror{no publisher}},
	title = {Count nouns – mass nouns, neat nouns – mess nouns},
	year = {2011}
}

@incollection{Lafford1995,
	address = {Amsterdam},
	author = {Lafford, Barbara},
	booktitle = {Second language acquisition in a study abroad context},
	editor = {Barbara Freed},
	pages = {97–122},
	publisher = {Benjamins},
	title = {Getting into, through and out of a survival situation: {{A}} comparison of communicative strategies used by students studying {Spanish} abroad and 'at home'},
	year = {1995}
}

@incollection{Labov1972,
	address = {Philadelphia},
	author = {Labov, William},
	booktitle = {Sociolinguistics patterns},
	editor = {Labov, \biberror{W.}},
	pages = {43–54},
	publisher = {University of Pennsylvania Press},
	title = {The social stratification of (r) in {New York} City department stores},
	year = {1972}
}

@incollection{Kinginger2004,
	address = {Bristol},
	author = {Kinginger, Celeste},
	booktitle = {Negotiation of Identities in Multilingual Contexts. {C}leveden},
	editor = {A. Pavlenko and A. Blackledge},
	pages = {219–242},
	publisher = {Multilingual Matters},
	title = {Alice doesn’t live here anymore: {{F}}oreign language learning and identity construction},
	year = {2004}
}

@incollection{Kim2005,
	address = {Thousand Oaks, CA},
	author = {Kim, Young Yun},
	booktitle = {Theorizing about intercultural communication},
	editor = {William B. Gudykunst},
	pages = {375--400},
	publisher = {Sage Publications},
	title = {Adapting to a New Culture. {A}n Integrative Communication Theory},
	year = {2005}
}

@incollection{Juan-GarauSalazar-Noguera2015,
	address = {Berlin},
	author = {Juan-Garau, Maria  and  Salazar-Noguera, Joana},
	booktitle = {Content-based language learning in multilingual educational environments},
	editor = {Maria Juan-Garau and Joana Salazar-Noguera},
	pages = {105–123},
	publisher = {Springer},
	title = {Learning {{{English}}} and learning through {{{English}}}: {{I}}nsights from secondary education},
	year = {2015}
}

@incollection{Izumi2013,
	address = {New York},
	author = {Izumi, Shinichi},
	booktitle = {The {Routledge} encyclopedia of second language acquisition},
	editor = {Robinson, Peter},
	pages = {244--249},
	publisher = {Routledge},
	title = {Focus on Form ({FonF})},
	year = {2013}
}

@incollection{IvankovaGreer2015,
	address = {London},
	author = {Ivankova, Nataliya V  and  Greer, Jennifer L.},
	booktitle = {Research Methods in Applied Linguistics},
	editor = {B. Paltridge and Aek Phakiti},
	pages = {63–83},
	publisher = {Bloomsbury},
	sortname = {Ivankova, Nataliya V.  and  Greer, Jennifer L.},
	title = {Mixed methods research and analysis},
	year = {2015}
}

@incollection{Isabelli-Garcia2006,
	address = {Clevedon, UK},
	author = {Isabelli-Garcia, Christina},
	booktitle = {Language learners in study abroad context},
	editor = {Margaret A. Dufon and Eton Churchill},
	pages = {231--258},
	publisher = {Multilingual Matters},
	title = {Study abroad social networks, motivation and attitudes: {{I}}mplications for second language acquisition},
	year = {2006}
}

@incollection{Howard2005,
	address = {Berlin},
	author = {Howard, Martin},
	booktitle = {Investigations in instructed second language acquisition},
	editor = {Alex Housen and Michel Pierrard},
	pages = {495–530},
	publisher = {Mouton de Gruyter},
	title = {Second language acquisition in a study abroad context: {{A}} comparative investigation of the effects of study abroad and foreign language instruction on the L2 learner's grammatical development},
	year = {2005}
}

@incollection{HousenEtAl2012,
	address = {Amsterdam/Philadelphia},
	author = {Housen, Alex, Folkert Kuiken  and  Ineke Vedder},
	booktitle = {Dimensions of L2 Performance and Proficiency: {{C}}omplexity, Accuracy and Fluency in {{SL}A}},
	editor = {A. Housen and F. Kuiken and I. Vedder},
	pages = {1–20},
	publisher = {Benjamins},
	title = {Complexity, accuracy and fluency. {{D}}efinitions, measurement and research},
	year = {2012}
}

@incollection{Housen2012,
	address = {Bristol},
	author = {Housen, Alex},
	booktitle = {Intensive exposure experiences in second language learning},
	editor = {C. Muñoz},
	pages = {111–138},
	publisher = {Multilingual Matters},
	title = {Time and amount of L2 contact Inside and Outside the School - Insights from {{European}} Schools},
	year = {2012}
}

@incollection{Hood2010,
	address = {Cambridge},
	author = {Hood, Philip},
	booktitle = {Content and Language Integrated Learning},
	editor = {Do Coyle and Philip Hood and David Marsh},
	pages = {133–149},
	publisher = {Cambridge University Press},
	title = {Evaluating the impact of {{{CLIL}}} programmes},
	year = {2010}
}

@incollection{HellekjaerHellekjaer2015,
	address = {Berlin},
	author = {Hellekjaer, Glen Ole  and  Hellekjaer, Anne-Inger},
	booktitle = {{{{{English}}}-Medium} Instruction in {European} Higher Education},
	editor = {Dimova, Slobodanka and  Hultgren, Anna Kristina and Jensen, Christian},
	pages = {317--324},
	publisher = {Walter de Gruyter},
	title = {From tool to target language: {{A}}rguing the need to enhance language learning in {{{English}}}-medium instruction courses and programs},
	year = {2015}
}

@incollection{Hellekjaer2010,
	address = {Amsterdam},
	author = {Hellekjaer, Glenn O.},
	booktitle = {Language use and Language learning in {{{CLIL}}} classrooms},
	editor = {Christine Dalton-Puffer and Tarja Nikula and Ute Smit},
	pages = {233–259},
	publisher = {John Benjamins},
	title = {Language matters: {{A}}ssessing lecture comprehension in {{Norwegian}} {English}-medium higher education},
	year = {2010}
}

@incollection{Hassall2006,
	address = {Clevedon, UK},
	author = {Hassall, Timothy},
	booktitle = {Language learners in study abroad contexts},
	editor = {DuFon, Margaret A. and Churchill, Eton},
	pages = {31--58},
	publisher = {Multilingual Matters},
	title = {Learning to take leave in social conversations: {{A}} diary study},
	year = {2006}
}

@incollection{HartEtAl1991,
	address = {Clevedon},
	author = {Hart, Doug, Sharon Lapkin  and  Merrill Swain},
	booktitle = {Language, Culture and Cognition: {{A}} Collection of Studies in First and Second Language Acquisition},
	editor = {L. Malavé and G. Duquette},
	pages = {250–265},
	publisher = {Multilingual Matters},
	title = {Secondary Level Immersion {{French}} Skills: {{A}} Possible Plateau Effect},
	year = {1991}
}

@incollection{Hansen1995,
	address = {Hillsdale, NJ},
	author = {Hansen, Doris},
	booktitle = {Second language acquisition theory and pedagogy},
	editor = {Eckman, Fred R. and Highland, Diane and Lee, Peter and Mileham, Jean and Weber, Rita R.},
	pages = {305--316},
	publisher = {Lawrence Erlbaum},
	title = {A study of the effect of the acculturation model on second language acquisition},
	year = {1995}
}

@incollection{Genesee2013,
	address = {Bristol},
	author = {Genesee, Fred},
	booktitle = {{Bilingual} and Multilingual Education in the 21st Century: {{B}}uilding on Experience ({Bilingual} Education and {Bilingual}ism)},
	editor = {C. Abello-Contesse and P. M. Chandler and M. D. López-Jiménez and R. Chacón-Beltrán},
	pages = {24–41},
	publisher = {Multilingual Matters},
	title = {Insights into {Bilingual} Education from Research on Immersion Programmes in {Canada}},
	year = {2013}
}

@incollection{GarcíaGallardo2003,
	address = {Clevedon, England},
	author = {García Lecumberri, María Luisa  and  Gallardo del Puerto, Francisco},
	booktitle = {Age and the Acquisition of {{{English}}} as a Foreign Language},
	editor = {García-Mayo, María del Pilar and García-Lecumberri, María Luisa},
	pages = {115--135},
	publisher = {Multilingual Matters},
	sortname = {Garcia Lecumberri, Maria Luisa  and  Gallardo del Puerto, Francisco},
	title = {{{{English}}} {{FL}} sounds in school learners of different ages},
	year = {2003}
}

@incollection{GallardoEtAl2009,
	address = {Clevedon},
	author = {Gallardo del Puerto, Francisco and Gómez Lacabex, Esther  and  García Lecumberri, María Luisa},
	booktitle = {Content and Language Integrated Learning. {{{{E}}}}vidence from research in {{E}urope}},
	editor = {Ruiz de Zarobe, \biberror{Y.}, and Jiménez Catalán, \biberror{R. M.}},
	pages = {63--80},
	publisher = {Multilingual Matters},
	sortname = {Gallardo del Puerto, Francisco and Gomez Lacabex, Esther  and  Garcia Lecumberri, Maria Luisa},
	title = {Testing the effectiveness of Content and Language Integrated Learning in foreign language contexts: {{T}}he assessment of {{{English}}} pronunciation},
	year = {2009}
}

@incollection{Félix-BrasdeferHasler-Baker2017,
	address = {London},
	author = {Félix-Brasdefer, J. César and Hasler-Baker, Maria},
	booktitle = {The {{Routledge}} handbook of pragmatics},
	editor = {Barron, Anne and Grundy, Peter and Steen, Gerard and Gu, Yueguo},
	pages = {27–38},
	publisher = {Routledge},
	sortname = {Felix-Brasdefer, J. Cesar and Hasler-Baker, Maria},
	title = {Elicited data},
	year = {2017}
}

@incollection{Freed1995b,
	address = {Amsterdam},
	author = {Freed, Barbara},
	booktitle = {Second language acquisition in a study abroad context},
	editor = {Freed, Barbara},
	pages = {123–148},
	publisher = {Benjamins},
	title = {What makes us think that students who study abroad become fluent?},
	year = {1995}
}

@incollection{Flege1995,
	address = {Timonium, MD},
	author = {Flege, James Emil},
	booktitle = {Speech perception and linguistic experience: {{I}}ssues in cross-language research},
	editor = {Strange, \biberror{W.}},
	pages = {233–277},
	publisher = {York Press},
	title = {Second language speech learning theory, findings, and problems},
	year = {1995}
}

@incollection{Flege1995,
	address = {Timonium, MD},
	author = {Flege, James E.},
	booktitle = {Speech perception and linguistic experience: {{I}}ssues in cross-language research},
	editor = {Winifred Strange},
	pages = {233–277},
	publisher = {York Press},
	sortname = {Flege, James E.},
	title = {Second language speech learning theory, findings, and problems},
	year = {1995}
}

@incollection{Fischer2014,
	address = {Berlin},
	author = {Fischer, Kerstin},
	booktitle = {Pragmatics of discourse},
	editor = {Schneider, Klaus and Barron, Anne},
	pages = {271--294},
	publisher = {De Gruyter Mouton},
	title = {Discourse markers},
	year = {2014}
}

@incollection{FeixasEtAl2009,
	address = {Alicante},
	author = {Feixas, Mónica and Codó, Eva and Couso, Digna and Espinet, Mariona  and Masats, Dolors},
	booktitle = {\biberror{no booktitle}},
	editor = {\biberror{no editor}},
	pages = {137–53},
	publisher = {Editorial Marfil},
	sortname = {Feixas, Monica and Codo, Eva and Couso, Digna and Espinet, Mariona  and Masats, Dolors},
	title = {Enseñar en inglés en la universidad: {{R}}eflexiones del alumnado y el profesorado en torno a dos experiencias {{AICLE}}. {I}nvestigar desde un contexto educativo innovador},
	year = {2009}
}

@incollection{EuropeanHigherEducationArea2009,
	address = {\biberror{no address}},
	author = {{European Higher Education Area}},
	booktitle = {{{Conference of {{European}} Ministers Responsible for Higher Education}}},
	editor = {\biberror{no editor}},
	pages = {1–6},
	publisher = {\biberror{no publisher}},
	title = {The {Bologna Process} 2020: {{T}}he {{{European}} Higher Education Area} in the new decade},
	year = {2009}
}

@incollection{DörnyeiUshioda2009,
	address = {Bristol},
	author = {Dörnyei, Zoltán  and  Ushioda, Ema},
	booktitle = {Motivation, language identity and the L2 self},
	editor = {Zoltán Dörnyei and Ema Ushioda},
	pages = {1–8},
	publisher = {Multilingual Matters},
	sortname = {Dornyei, Zoltan  and  Ushioda, Ema},
	title = {Motivation, language identities and the L2 self: {{A}} theoretical overview},
	year = {2009}
}

@incollection{DörnyeiEtAl2004,
	address = {Amsterdam},
	author = {Dörnyei, Zoltán  and  Durow, Valerie  and  Zahran, Khawla},
	booktitle = {Formulaic sequences: {{A}}cquisition, processing and use},
	editor = {Schmitt, Norbert},
	pages = {87--106},
	publisher = {Benjamins},
	sortname = {Dornyei, Zoltan  and  Durow, Valerie  and  Zahran, Khawla},
	title = {Individual differences and their effects on formulaic secquence acquisition},
	year = {2004}
}

@incollection{DörnyeiCsizér2012,
	address = {Oxford},
	author = {Dörnyei, Zoltán  and  Csizér, Kata},
	booktitle = {Research methods in second language acquisition: {{A}} practical guide},
	editor = {Alison Mackey and Susan M. Gass},
	pages = {74–94},
	publisher = {Wiley-Blackwell},
	sortname = {Dornyei, Zoltan  and  Csizer, Kata},
	title = {How to design and analyze surveys in second language acquisition},
	year = {2012}
}

@incollection{Dörnyei2009,
	address = {Bristol},
	author = {Dörnyei, Zoltán},
	booktitle = {Motivation, language identity and the L2 Self},
	editor = {Zoltán Dörnyei and Ema Ushioda},
	pages = {9–42},
	publisher = {Multilingual Matters},
	sortname = {Dornyei, Zoltan},
	title = {The L2 motivational self system},
	year = {2009}
}

@incollection{Díaz-Campos2006,
	address = {Sommerville, MA},
	author = {Díaz-Campos, Manuel},
	booktitle = {Selected proceedings of the 7th conference on the acquisition of {Spanish} and Portuguese as first and second Languages},
	editor = {Carol A. Klee and Timothy L. Face},
	pages = {26–39},
	publisher = {Cascadilla Proceedings Project},
	sortname = {Diaz-Campos, Manuel},
	title = {The effect of style in second language phonology: {{A}}n analysis of segmental acquisition in study abroad and regular-classroom students},
	year = {2006}
}

@incollection{Donovan2001,
	address = {Cádiz},
	author = {Donovan, Patrick J.},
	booktitle = {{{{English}}} Language Teaching Changing Perspectives in Context},
	editor = {Levey, David T. and Losey León, María Araceli and González Macías, Miguel Ángel},
	pages = {245--249},
	publisher = {Universidad de Cádiz (Servicio de Publicaciones)},
	sortname = {Donovan, Patrick J.},
	title = {Making Pronunciation a Priority for {{EFL}} Teachers and Learners},
	year = {2001}
}

@incollection{Derwing2010,
	address = {Ames, IA},
	author = {Derwing, Tracey},
	booktitle = {{Proceedings of the 1st pronunciation in second language learning and teaching conference,}},
	editor = {John Levis and Kimberly LeVelle},
	pages = {24–37},
	publisher = {Iowa State University},
	title = {Utopian goals for pronunciation teaching},
	year = {2010}
}

@incollection{Derwing2008,
	address = {Amsterdam},
	author = {Derwing, Tracey M.},
	booktitle = {Phonology and Second Language Acquisition},
	editor = {Hansen Edwards, Jette G. and Zampini, Mary L.},
	pages = {347--369},
	publisher = {John Benjamins Publishing Company},
	sortname = {Derwing, Tracey M.},
	title = {Curriculum issues in teaching pronunciation to second language learners},
	year = {2008}
}

@incollection{DeKeyser2014,
	address = {Amsterdam},
	author = {DeKeyser, Robert},
	booktitle = {Language acquisition in study abroad and formal instruction contexts},
	editor = {Carmen Pérez-Vidal},
	pages = {313–325},
	publisher = {Benjamins},
	title = {Research on language development during study abroad},
	year = {2014}
}

@incollection{DeKeyser2007,
	address = {Mahwah, NJ},
	author = {DeKeyser, Robert},
	booktitle = {Theories in second language acquisition: {{A}}n introduction},
	editor = {Bill VanPatten and Jessica Williams},
	pages = {97–114},
	publisher = {Lawrence Erlbaum},
	title = {Skill acquisition theory},
	year = {2007}
}

@incollection{DeKeyser2007,
	address = {Cambridge},
	author = {DeKeyser, Robert},
	booktitle = {Practice in a second language: {{P}}erspectives from applied linguistics and cognitive psychology},
	editor = {Robert DeKeyser},
	pages = {208–226},
	publisher = {Cambridge University Press},
	title = {Study abroad as foreign language practice},
	year = {2007}
}

@incollection{DarcyEtAl2012,
	address = {Ames, IA},
	author = {Darcy, Isabelle  and  Ewert, Doreen  and  Lidster, Ryan},
	booktitle = {{Proceedings of the 3rd pronunciation in second language learning and teaching conference,}},
	editor = {John Levis and Kimberly LeVelle},
	pages = {93–108},
	publisher = {Iowa State University},
	title = {Bringing pronunciation instruction back into the classroom: {{A}}n {ESL} Teachers' pronunciation "toolbox"},
	year = {2012}
}

@incollection{CsizérKormos2009,
	address = {Bristol},
	author = {Csizér, Kata  and  Kormos, Judit},
	booktitle = {Motivation, language identity and the L2 self},
	editor = {Zoltán Dörnyei and Ema Ushioda},
	pages = {99–119},
	publisher = {Multilingual Matters},
	sortname = {Csizer, Kata  and  Kormos, Judit},
	title = {Leaning experiences, selves and motivated learning behaviour: {{A}} comparative analysis of structural models for {{Hungarian}} secondary and university learners of {English}},
	year = {2009}
}

@incollection{CowanHatasa1994,
	address = {Hillsdale},
	author = {Cowan, Ron  and  Hatasa, Yukiko Abe},
	booktitle = {Research methodology in second language acquisition},
	editor = {Tarone, Elain E. and Gass, Susan M. and Cohen, Andrew D.},
	pages = {287--302},
	publisher = {Lawrence Erlbaum},
	title = {Investigating the validity and reliability of native speaker and second language learner judgments about sentences},
	year = {1994}
}

@incollection{Cots2013,
	address = {Bristol},
	author = {Cots, Josep Maria},
	booktitle = {{{{English}}}-medium instruction at universities: {{G}}lobal challenges},
	editor = {Aintzane Doiz and David Lasagabaster and Juan Manuel Sierra},
	pages = {106–131},
	publisher = {Multilingual Matters},
	title = {Introducing {{{English}}}-medium instruction at the University of {{LLeida}}, {Spain}: {{I}}ntervention, beliefs and practices},
	year = {2013}
}

@incollection{Collentine2009,
	address = {Malden, MA},
	author = {Collentine, Joseph},
	booktitle = {The handbook of language teaching},
	editor = {Michael H. Long and Catherine J. Doughty},
	pages = {218–233},
	publisher = {Blackwell},
	title = {Study abroad research: {{F}}indings, implications and future directions},
	year = {2009}
}
 
@incollection{Coleman2015,
	series = {EUROSLA monographs series},
	number ={4},
	address = {Amsterdam},
	author = {Coleman, James A.},
	booktitle = {Social interaction, identity and language learning during residence abroad},
	editor = {Rosamond Mitchell and Nicole Tracy-Ventura and Kevin McManus},
	pages = {33--51},
	publisher = {European Second Language Association},
	title = {Social circles during residence abroad: {{W}}hat students do, and who with},
	year = {2015}
}

@incollection{Coleman2013,
	address = {Amsterdam},
	author = {Coleman, James},
	booktitle = {Social and cultural aspects of language learning in study abroad},
	editor = {Celeste Kinginger},
	pages = {17--44},
	publisher = {John Benjamins},
	title = {Researching whole people and whole lives},
	year = {2013}
}

@incollection{Clément1980,
	address = {Oxford},
	author = {Clément, Richard},
	booktitle = {Social Psychology and Language},
	editor = {Howard Giles and William Peter Robinson and Philip M. Smith},
	pages = {147–159},
	publisher = {Pergamon},
	sortname = {Clement, Richard},
	title = {Ethnicity, contact and communicative competence in a second language},
	year = {1980}
}

@incollection{Chaudron2003,
	address = {Malden, MA},
	author = {Chaudron, Craig},
	booktitle = {The handbook of second language acquisition},
	editor = {Doughty, Catherine J. and Long, Michael. H.},
	pages = {762--828},
	publisher = {Blackwell},
	title = {Data collection in {SLA} research},
	year = {2003}
}

@incollection{Campbell2015,
	address = {Amsterdam},
	author = {Campbell, Rikki},
	booktitle = {Social interaction, identity and language learning during residence abroad},
	editor = {Rosamond Mitchell and Nicole Tracy-Ventura and Kevin McManus},
	pages = {241--262},
	publisher = {The European Second Language Association},
	title = {Life {Post-Study} Abroad for the {Japanese} Language Learner: {{S}}ocial networks, interaction and language usage},
	year = {2015}
}

@incollection{CalvoBenzies2014,
	address = {Faversham, UK},
	author = {Calvo Benzies, Yolanda Joy},
	booktitle = {{IATEFL} 2013 Liverpool {Conference Selections,}},
	editor = {Tania Pattison},
	pages = {106–108},
	publisher = {IATEFL},
	title = {The teaching of pronunciation in {{Spain}}: {{S}}tudents´ and teachers' views},
	year = {2014}
}

@incollection{BultéHousen2012,
	address = {Amsterdam/Philadelphia},
	author = {Bulté, Bram  and  Alex Housen},
	booktitle = {Dimensions of L2 Performance and Proficiency: {{C}}omplexity, Accuracy and Fluency in {{SL}A}},
	editor = {A. Housen and F. Kuiken and I. Vedder},
	pages = {21–46},
	publisher = {Benjamins},
	sortname = {Bulte, Bram  and  Alex Housen},
	title = {Defining and Operationalising L2 complexity},
	year = {2012}
}

@incollection{Breeze2014,
	address = {Amsterdam, Netherlands},
	author = {Breeze, Ruth},
	booktitle = {Integration of Theory and Practice in {{{CLIL}}}},
	editor = {Ruth Breezes and Carmen Llamas Saíz and Concepción Martínez Pasamar and Cristina Tabernero Sala},
	pages = {143–159},
	publisher = {Rodopi},
	title = {Identifying student needs in {{{English}}}-medium university courses},
	year = {2014}
}

@incollection{BrechtEtAl1995,
	address = {Amsterdam},
	author = {Brecht, Richard  and  Davidson, Dan  and  Ginsberg, Ralph},
	booktitle = {Second language acquisition in a study abroad context},
	editor = {Barbara Freed},
	pages = {37–66},
	publisher = {Benjamins},
	title = {Predictors of foreign language gain during study abroad},
	year = {1995}
}

@incollection{BownEtAl2015,
	address = {Amsterdam},
	author = {Bown, Jennifer  and  Dewey, Dan P.  and  Belnap, R. Kirk},
	booktitle = {Social interaction, identity and language learning during residence abroad},
	editor = {Rosamond Mitchell and Nicole Tracy-Ventura and Kevin McManus},
	pages = {199--221},
	publisher = {The European Second Language Association},
	sortname = {Bown, Jennifer  and  Dewey, Dan P.  and  Belnap, R. Kirk},
	title = {Student Interactions During Study Abroad in {Jordan}},
	year = {2015}
}

@incollection{BongaertsEtAl1995,
	address = {Clevedon, UK},
	author = {Bongaerts, Theo  and  Planken, Brigitte  and  Schils, Erik},
	booktitle = {The age factor in second language acquisition: {{A}} critical look at the critical period hypothesis},
	editor = {David Singleton and Zsolt Lengyel},
	pages = {30–50},
	publisher = {Multilingual Matters},
	title = {Can late starters attain native accent in a foreign language? {{A}} test of the critical period hypothesis},
	year = {1995}
}

@incollection{Bloomer2010,
	address = {London},
	author = {Bloomer, Aileen},
	booktitle = {Introducing applied linguistics concepts and skills (Vol. 13)},
	editor = {Susan Hunston and David Oakley},
	pages = {145–150},
	publisher = {Routledge},
	title = {Designing a questionnaire},
	year = {2010}
}

@incollection{BestTyler2007,
	address = {Amsterdam},
	author = {Best, Catherine T.  and  Tyler, Michael D.},
	booktitle = {Language experience in second language speech learning: {{I}}n honour of {James} Emil Flege},
	editor = {Ocke-Schwen Bohn and Murray J. Munro},
	pages = {13–34},
	publisher = {Benjamins},
	sortname = {Best, Catherine T.  and  Tyler, Michael D.},
	title = {Nonnative and second-language speech perception},
	year = {2007}
}

@incollection{Berry2003,
	address = {Washington, DC},
	author = {Berry, John W.},
	booktitle = {Acculturation: {{A}}dvances in theory, measurement and applied research},
	editor = {Chun, Kevin M. and Balls Organista, Pamela and Marín, Gerardo},
	pages = {17–37},
	publisher = {American Psychological Association},
	title = {Conceptual approaches to acculturation},
	year = {2003}
}

@incollection{BerryEtAl1997,
	address = {Needham Heights, MA},
	author = {Berry, John W.  and  Sam, David L.},
	booktitle = {Handbook of cross-cultural psychology},
	editor = {Berry, John W. and  Segall, Marshall and Kagitcibasi, Cigdem},
	pages = {291–326},
	publisher = {Viacom},
	sortname = {Berry, John W.  and  Sam, David L.},
	title = {Acculturation and adaptation},
	volume = {3},
	year = {1997}
}

@incollection{Bennett1993,
	address = {Yarmouth, ME},
	author = {Bennett, Milton J.},
	booktitle = {Education for Intercultural Experience},
	editor = {R. Michael Paige},
	pages = {21--71},
	publisher = {Intercultural Press},
	title = {Towards Ethnorelativism: {{A}} Developmental model of intercultural sensitivity},
	year = {1993}
}

@incollection{Barron2006,
	address = {Clevedon, UK},
	author = {Barron, Anne},
	booktitle = {Language learners in study abroad contexts},
	editor = {Margaret A. DuFon and Eton E. Churchill},
	pages = {59–90},
	publisher = {Multilingual Matters},
	title = {Learning to say 'you' in {German}: {{T}}he acquisition of sociolinguistic competence in a study abroad context},
	year = {2006}
}

@incollection{Bardovi-HarligEtAl2008,
	address = {Somerville, MA},
	author = {Bardovi-Harlig, Kathleen  and  Rose, Marda  and  Nickels, Edelmira},
	booktitle = {Selected proceedings of the 2007 second language research forum},
	editor = {Bowles, Melissa and Foote, Rebecca and Perpiñán, Silvia and Bhatt, Rakesh},
	pages = {113--130},
	publisher = {Cascadilla Proceedings Project},
	title = {The influence of first language and level of development in the use of conventional expressions of thanking, apologizing and refusing},
	year = {2008}
}

@incollection{Ariel1998,
	address = {Amsterdam},
	author = {Ariel, Mira},
	booktitle = {Discourse markers: {{D}}escriptions and theory},
	editor = {Jucker, Andreas and Ziv, Yael},
	pages = {226--260},
	publisher = {Benjamins},
	title = {Discourse markers and form-function correlations},
	year = {1998}
}

@incollection{Arends-TóthVanDeVijver2006,
	address = {Mahwah, NJ},
	author = {Arends-Tóth, Judith,  and  Van de Vijver, Fons J. R.},
	booktitle = {Acculturation and parent-child relationships: {{M}}easurement and development},
	editor = {Bornstein, Marc H. and Cote, Linda R.},
	pages = {33--62},
	publisher = {Lawrence Erlbaum},
	sortname = {Arends-Toth, Judith,  and  Van de Vijver, Fons J. R.},
	title = {Issues in conceptualization and assessment of acculturation},
	year = {2006}
}

@incollection{AbramsonLisker1967,
	address = {Prague},
	author = {Abramson, Arthur S.  and  Lisker, Leigh},
	booktitle = {{Proceedings of the 6th international congress of phonetic sciences}},
	pages = {9–15},
	publisher = {Academia},
	sortname = {Abramson, Arthur S.  and  Lisker, Leigh},
	title = {The voicing dimension: {{S}}ome experiments in comparative phonetics},
	year = {1967}
}

@book{delRío2013,
	address = {Barcelona},
	author = {del Río, Carmen},
	publisher = {Universidad Pompeu Fabra. (Doctoral dissertation.)},
	sortname = {del Rio, Carmen},
	title = {Perceived foreign accent and comprehensibility in the oral production of adolescent learners of {{English}}: {{S}}tudy abroad vs. {A}t home learning contexts},
	year = {2013}
}

@book{WächterMaiworm2014,
	address = {Bonn},
	booktitle = {{{English}}-taught programmes in European higher education: {{T}}he state of play in 2014},
	editor = {Wächter, Bernd  and  Maiworm, Friedhelm},
	publisher = {Lemmens Medien GmbH},
	sortname = {Wachter, Bernd  and  Maiworm, Friedhelm},
	title = {{{English}}-taught programmes in European higher education: {{T}}he state of play in 2014},
	year = {2014}
}


@book{WächterMaiworm2008,
	address = {Bonn},
	author = {Wächter, Bernd  and  Maiworm, Friedhelm},
	publisher = {Lemmens},
	sortname = {Wachter, Bernd  and  Maiworm, Friedhelm},
	title = {{{{English}}}-taught programmes in European higher education: {{AC}A} Papers on International Cooperation in Education},
	year = {2008}
}

@book{Wolfe-QuinteroEtAl1998,
	address = {Manoa},
	author = {Wolfe-Quintero, Kate, Shunji Inagaki  and  Kim Hae-Young},
	publisher = {National Foreign Language Resource Center - University of Hawaii at Manoa},
	sortname = {Wolfe-Quintero, Kate, Shunji Inagaki  and  Kim Hae-Young},
	title = {Second Language Development in Writing: {{M}}easures of Fluency, Accuracy, and Complexity, 208},
	year = {1998}
}

@book{WheelerEtAl1999,
	address = {New York},
	author = {Wheeler, Max  and  Yates, Alan  and  Dols, Nicolau},
	publisher = {Routledge},
	sortname = {Wheeler, Max  and  Yates, Alan  and  Dols, Nicolau},
	title = {{Catalan}: {{A}} comprehensive grammar},
	year = {1999}
}

@book{Wenger1998,
	address = {Cambridge},
	author = {Wenger, Etienne},
	publisher = {Cambridge University Press},
	sortname = {Wenger, Etienne},
	title = { Communities of practice: {{L}}earning, meaning, and identity},
	year = {1998}
}

@book{Weigle2002,
	address = {Cambridge},
	author = {Weigle, Sara (Cushing).},
	publisher = {Cambridge University Press},
	sortname = {Weigle, Sara (Cushing).},
	title = {Assessing Writing. 284},
	year = {2002}
}

@book{Valls-Ferrer2011,
	address = {Barcelona},
	author = {Valls-Ferrer, Margalida},
	publisher = {Universidad Pompeu Fabra. (Doctoral dissertation.)},
	sortname = {Valls-Ferrer, Margalida},
	title = {The development of oral fluency and rhythm during a study abroad period},
	year = {2011}
}

@book{Tejada-Sanchez.2014,
	address = {Barcelona/Paris},
	author = {Tejada-Sanchez. Martha Isabel},
	publisher = {Universitat Pompeu Fabra - Université Paris 8 PhD Thesis},
	sortname = {Tejada-Sanchez. Martha Isabel},
	title = {L'acquisition de l'anglais et l'exposition intensive en contexte d'immersion scolaire en Colombie. {{{{U}}}}npublished doctoral dissertation},
	year = {2014}
}

@book{TaguchiRoever2017,
	address = {Oxford},
	author = {Taguchi, Naoko  and  Roever, Carsten},
	publisher = {Oxford University Press},
	title = {Second language pragmatics},
	year = {2017}
}

@book{Stockton2015,
	address = {Paul},
	author = {Stockton, Heather Lynn},
	publisher = {Hamline University. (Master’s Thesis.)},
	title = {Identity-focused second language acquisition : {{A}} systematic review of classroom applications. {S}t},
	year = {2015}
}

@book{Smit2010,
	address = {Berlin},
	author = {Smit, Ute},
	publisher = {Mouton de Gruyter},
	sortname = {Smit, Ute},
	title = { {{English}} as a lingua franca in higher education: {{A}} longitudinal study of classroom discourse (Vol. 2)},
	year = {2010}
}

@book{Skehan1998,
	address = {Oxford},
	author = {Skehan, Peter},
	publisher = {Oxford University Press},
	sortname = {Skehan, Peter},
	title = {A cognitive approach to language learning},
	year = {1998}
}

@book{SilvaMatsuda2005,
	address = {Mahwah},
	booktitle = {On Second Language Writing},
	editor = {Silva, Tony  and  Paul Kei Matsuda},
	publisher = {Routledge},
	title = {On Second Language Writing},
	year = {2005}
}

@book{Serrano2007,
	address = {Barcelona},
	author = {Serrano, Raquel},
	publisher = {Universitat de Barcelona PhD Thesis},
	sortname = {Serrano, Raquel},
	title = {Time Distribution and the Acquisition of {{{English}}} as a Foreign Language},
	year = {2007}
}

@book{Scovel1988,
	address = {Cambridge, MA},
	author = {Scovel, Thomas},
	publisher = {Newbury House Publishers},
	sortname = {Scovel, Thomas},
	title = {A time to speak. {{A}} psycholinguistic inquiry into the critical period for human speech},
	year = {1988}
}

@book{Schumann1978,
	address = {Rowley, MA},
	author = {Schumann, John H.},
	publisher = {Newbury House},
	sortname = {Schumann, John H.},
	title = {The pidginization process: {{A}} model for second language acquisition},
	year = {1978}
}

@book{SchneiderEtAl2004,
	address = {Berlin},
	booktitle = {A Handbook of varieties of {{English}}. {V}olume 1: {{P}}honology},
	editor = {Schneider, Edgar W.  and  Burridge, Kate  and  Kortmann, BBernd  and  Mesthrie, Rajend  and  Upton, Clive},
	publisher = {Mouton de Gruyter},
	sortname = {Schneider, Edgar W.  and  Burridge, Kate  and  Kortmann, BBernd  and  Mesthrie, Rajend  and  Upton, Clive},
	title = {A Handbook of varieties of {{English}}. {V}olume 1: {{P}}honology},
	year = {2004}
}

@book{Schiffrin1987,
	address = {Cambridge},
	author = {Schiffrin, Deborah},
	publisher = {Cambridge University Press},
	sortname = {Schiffrin, Deborah},
	title = {Discourse markers},
	year = {1987}
}
 
@book{SanzEtAl2013,
	address = {Learning without attention},
	author = {Sanz, Cristina  and  Morales-Front, Alfonso  and  Nagle, Charlie  and  Moorman, Colleen},
	title = {Improvements in pronunciation in a 6 week study abroad program},
	note ={Paper presented at the residence abroad, social networks and second language learning congress, University of Southampton, UK},
	sortname = {Sanz, Cristina  and  Morales-Front, Alfonso  and  Nagle, Charlie  and  Moorman, Colleen},
	year = {2013}
}

@book{Santos-MenezesJuan-Garau2015,
	address = {Universitat de les Illes Balears},
	author = {Santos-Menezes, Edleide  and  Juan-Garau, Maria},
	publisher = {\biberror{no publisher}},
	sortname = {Santos-Menezes, Edleide  and  Juan-Garau, Maria},
	title = {Ansiedad y disposición a comunicarse en el aprendizaje del inglés como segunda lengua: {{E}}studio de las influencias del modelo formativo (aicle y enseñanza formal)},
	year = {2015}
}

@book{Saldaña2013,
	address = {Los Angeles},
	author = {Saldaña, Johnny},
	publisher = {SAGE Publications},
	sortname = {Saldana, Johnny},
	title = {The coding manual for qualitative researchers},
	year = {2013}
}

@book{Richards2003,
	address = {Basingstoke},
	author = {Richards, Keith},
	publisher = {Palgrave Macmillan},
	sortname = {Richards, Keith},
	title = {Qualitative inquiry in {{TESOL}}. {P}algrave Macmillan},
	year = {2003}
}

@book{Read2000,
	address = {Cambridge},
	author = {Read, John},
	publisher = {Cambridge University Press},
	sortname = {Read, John},
	title = {Assessing Vocabulary},
	year = {2000}
}

@book{QuirkEtAl1985,
	address = {London},
	author = {Quirk, Randolph, Sidney Greenbaum, Geoffrey Leech  and  Jan Svartvik},
	publisher = {Longman},
	sortname = {Quirk, Randolph, Sidney Greenbaum, Geoffrey Leech  and  Jan Svartvik},
	title = {A Comprehensive Grammar of the {{{English}}} Language, 78},
	year = {1985}
}
  
@book{Pérez-Vidal2014,
	address = {Amsterdam},
	booktitle = {Language acquisition in study abroad and formal instruction contexts},
	editor = {Pérez-Vidal, Carmen},
	publisher = {Benjamins},
	sortname = {Perez-Vidal, Carmen},
	title = {Language acquisition in study abroad and formal instruction contexts},
	year = {2014}
}

@book{Pogorelova2016,
	address = {Barcelona},
	author = {Pogorelova, Iryna},
	publisher = {University Pompeu Fabra. (Doctoral dissertation.)},
	sortname = {Pogorelova, Iryna},
	title = {A study of intercultural adaptation and the development of intercultural sensitivity of {{Catalan}/Spanish} university students during study abroad},
	year = {2016}
}

@book{Pennington1996,
	address = {London},
	author = {Pennington, Martha C.},
	publisher = {Longman},
	sortname = {Pennington, Martha C.},
	title = {Phonology in {{{English}}} language teaching},
	year = {1996}
}

@book{PavónRosado2003,
	address = {Granada},
	author = {Pavón Vázquez, Víctor  and  Rosado García, Ángel José},
	publisher = {Comares},
	sortname = {Pavon Vazquez, Victor  and  Rosado Garcia, Angel Jose},
	title = {Guía de Fonética y Fonología para Estudiantes de Filología Inglesa en el Umbral del Siglo {{XXI}}},
	year = {2003}
}

@book{Ortega2003,
	address = {Syntactic Complexity Measures and their Relationship to L2 Proficiency},
	author = {Ortega, Lourdes},
	publisher = {A Research Synthesis of College level L2 Writing. Applied linguistics 24(4). 492},
	sortname = {Ortega, Lourdes},
	title = {\biberror{no title}},
	year = {2003}
}

@book{Norton2000,
	address = {London},
	author = {Norton, Bonny},
	publisher = {Longman},
	sortname = {Norton, Bonny},
	title = {Identity and Language Learning},
	year = {2000}
}

@book{NordicCouncilofMinisters2006,
	address = {Copenhagen},
	author = {{Nordic Council of Ministers.}},
	publisher = {Nordic Council of Ministers},
	sortname = {{Nordic Council of Ministers.}},
	title = {Deklaration om nordisk språkpolitik [Declaration on a {Nordic} language policy]},
	year = {2006}
}

@book{Müller2005,
	address = {Amsterdam},
	author = {Müller, Simone},
	publisher = {Benjamins},
	sortname = {Muller, Simone},
	title = { Discourse markers in native and non-native {{{English}}} discourse},
	year = {2005}
}

@book{Muñoz2012,
	address = {Bristol},
	author = {Muñoz, Carmen},
	publisher = {Multilingual Matters},
	sortname = {Munoz, Carmen},
	title = {Intensive exposure experiences in second language learning. {{S}}econd language acquisition, 258},
	year = {2012}
}

@book{MoratinosJohnstonForthcoming,
	address = {\biberror{no address}},
	author = {Moratinos Johnston, Sofía},
	publisher = {University of the Balearic Islands},
	sortname = {Moratinos Johnston, Sofia},
	title = {Influence of language learning contexts on the l2 selves of {{Spanish}} students in higher education},
	year = {forthcoming}
}

@misc{Mondy2007,
	title  = {The acculturation model: {{A}} look into socio/psycho perspectives of {SLA}},
	author = {Mondy, \biberror{S.}},
	sortname = {Mondy, S.},
	url = {http://www.osk-ymca-intl.ed.jp},
	urldate = {2014-09-20},
	year = {2007}
}

@book{MitchellEtAl2017,
	address = {London},
	author = {Mitchell, Rosamond and Tracy-Ventura, Nicole and McManus, Kevin},
	publisher = {Routledge},
	title = {Identity, social relationships and language learning during residence abroad},
	year = {2017}
}
 
@book{MitchellEtAl2015,
	address = {Amsterdam},
	booktitle = {Social interaction, identity and language learning during residence abroad},
	editor = {Mitchell, Rosamond  and  Tracy-Ventura, Nicole  and  McManus, Kevin},
	number = {4},
	publisher = {The European Second Language Association},
	series = {Eurosla Monographs Series},
	title = {Social interaction, identity and language learning during residence abroad},
	year = {2015}
}

@book{MercerWilliams2014,
	address = {Bristol},
	author = {Mercer, Sarah  and  Williams, Marion},
	publisher = {Multilingual Matters},
	sortname = {Mercer, Sarah  and  Williams, Marion},
	title = {Multiple perspectives on the self in {{SLA}}},
	year = {2014}
}

@book{MearaMiralpeix2017,
	address = {Clevedon},
	author = {Meara, Paul  and  Irma MIralpeix},
	publisher = {Multilingual Matters},
	sortname = {Meara, Paul  and  Irma MIralpeix},
	title = {Tools for researching vocabulary},
	year = {2017}
}

@book{MearaMiralpeix2006,
	address = {Swansea},
	author = {Meara, Paul M.  and  Miralpeix, Imma},
	number = {2.05.},
	publisher = {Lognostics},
	series = {Version},
	sortname = {Meara, Paul M.  and  Miralpeix, Imma},
	title = {{Y\_Lex}: {{T}}he Swansea advanced vocabulary levels test},
	year = {2006}
}

@book{Meara2005,
	address = {Swansea},
	author = {Meara, Paul M.},
	number = {2.05.},
	publisher = {Lognostics},
	series = {Version},
	sortname = {Meara, Paul M.},
	title = {{X\_Lex}: {{T}}he Swansea vocabulary levels test},
	year = {2005}
}

@book{Manchón2009,
	address = {Bristol},
	author = {Manchón, Rosa M.},
	publisher = {Multilingual Matters},
	sortname = {Manchon, Rosa M.},
	title = {Writing in Foreign Language Contexts: {{L}}earning, Teaching, and Research},
	year = {2009}
}

@book{MalvernEtAl2004,
	address = {New York},
	author = {Malvern, David D., Brian J. Richards, Ngoni Chipere  and  Pilar Duran},
	publisher = {Palgrave Macmillan},
	sortname = {Malvern, David D., Brian J. Richards, Ngoni Chipere  and  Pilar Duran},
	title = {Lexical Diversity and Language Development (Quantification and Assessment)},
	year = {2004}
}

@book{Majanen2008,
	address = {Helsinki},
	author = {Majanen, Silke},
	publisher = {University of Helsinki. (Master’s Thesis.)},
	sortname = {Majanen, Silke},
	title = {{{English}} as a lingua franca : {{T}}eachers’ discourses on accent and identity},
	year = {2008}
}

@book{MacWhinney2000,
	address = {Mahwah},
	author = {MacWhinney, Brian},
	publisher = {Psychology Press},
	sortname = {MacWhinney, Brian},
	title = {The {{CHILDE}S} Project: {{T}}ools for Analyzing Talk},
	year = {2000}
}

@book{MacWhinney2000,
	address = {Mahwah, NJ},
	author = {MacWhinney, Brian},
	publisher = {Lawrence Erlbaum},
	sortname = {MacWhinney, Brian},
	title = {The {{CHILDE}S} project: {{T}}ools for analysing talk. 3rd Edition},
	year = {2000}
}

@book{Lichtman2012,
	address = {Thousand Oaks, CA},
	author = {Lichtman, Marilyn},
	note = {..},
	publisher = {SAGE Publications, Ince},
	sortname = {Lichtman, Marilyn},
	title = {Qualitative research in education: {{A}} user’s guide},
	year = {2012}
}

@book{Lenneberg1967,
	address = {New York},
	author = {Lenneberg, Eric H.},
	publisher = {John Wiley \& Sons},
	sortname = {Lenneberg, Eric H.},
	title = {Biological foundations of language},
	year = {1967}
}

@book{LeechSvartvik1975,
	address = {London},
	author = {Leech, Geoffrey  and  Svartvik, Jan},
	publisher = {Longman},
	sortname = {Leech, Geoffrey  and  Svartvik, Jan},
	title = {A communicative grammar of {{English}}},
	year = {1975}
}

@book{Leech1975,
	address = {London},
	author = {Leech, Geoffrey  and  Svartvik, Jan},
	publisher = {Longman},
	sortname = {Leech, Geoffrey  and  Svartvik, Jan},
	title = { A communicative grammar of {{{English}}}},
	year = {1975}
}

@book{LambertTucker1972,
	address = {Rowley},
	author = {Lambert, Wallace E.  and  Richard G. Tucker},
	publisher = {Newbury House Publishers},
	sortname = {Lambert, Wallace E.  and  Richard G. Tucker},
	title = {The bilingual education of children. {{T}}he St. {{L}}ambert experiment},
	year = {1972}
}

@book{Lambert1997,
	author = {Lambert, Monique},
	url = {http:////aile.revues.org/732},
	sortname = {Lambert, Monique},
	title = {{{En}} route vers le bilinguisme},
	journal ={Acquisition et interaction en langue étrangère},
	volume ={9},
	year = {1997}
}

@book{Krashen1985,
	address = {Beverly Hills, CA},
	author = {Krashen, Stephen},
	publisher = {Laredo Publishing Company},
	title = {The Input Hypothesis: {{I}}ssues and implications},
	year = {1985}
}

@book{Klaassen2001,
	address = {\biberror{no address}},
	author = {Klaassen, Renate Gerarda},
	publisher = {\biberror{no publisher}},
	sortname = {Klaassen, Renate Gerarda},
	title = {The international university curriculum: {{C}}hallenges in {{{English}}}-medium engineering education},
	year = {2001}
}

@book{Kinginger2009,
	address = {Basingstoke},
	author = {Kinginger, Celeste},
	publisher = {Palgrave Macmillan},
	sortname = {Kinginger, Celeste},
	title = {Language learning and study abroad},
	year = {2009}
}

@book{Kenworthy1987,
	address = {London},
	author = {Kenworthy, Joanne},
	publisher = {Longman},
	title = {Teaching {{{English}}} pronunciation},
	year = {1987}
}

@book{KentRead1992,
	address = {San Diego},
	author = {Kent, Raymond D.  and  Read, Charles},
	publisher = {Singular},
	sortname = {Kent, Raymond D.  and  Read, Charles},
	title = {The acoustic analysis of speech},
	year = {1992}
}

@book{Keaton1927,
	address = {Los Angeles},
	author = {Keaton, Buster},
	publisher = {Joseph M. Schenck Productions},
	sortname = {Keaton, Buster},
	title = {College. {{D}}irected by {{James}} W. {{H}}orne \& Buster Keaton},
	year = {1927}
}

@book{KasperRose2002,
	address = {Oxford, UK},
	author = {Kasper, Gabriele  and  Rose, Kenneth R.},
	publisher = {Blackwell},
	sortname = {Kasper, Gabriele  and  Rose, Kenneth R.},
	title = {Pragmatic development in a second language},
	year = {2002}
}
 
@book{Juan-Garau2015,
	address = {Berlin},
	author = {Juan-Garau, Maria  and  Joana Salazar-Noguera},
	publisher = {Springer},
	sortname = {Juan-Garau, Maria  and  Joana Salazar-Noguera},
	title = {Content-based Language Learning in Multilingual Educational Environments},
	year = {2015}
}

@book{JohnsonSwain1997,
	address = {Cambridge},
	author = {Johnson, Robert Keith  and  Merrill Swain},
	publisher = {Cambridge University Press},
	sortname = {Johnson, Robert Keith  and  Merrill Swain},
	title = {Immersion education : {{I}}nternational perspectives (The {{Cambridge}} applied linguistics series), 315},
	year = {1997}
}

@book{Jenkins2000,
	address = {Oxford},
	author = {Jenkins, Jennifer},
	publisher = {Oxford University Press},
	title = {The phonology of {{{English}}} as an International language},
	year = {2000}
}

@book{Jackson2008b,
	address = {London},
	author = {Jackson, Jane},
	publisher = {Equinox},
	sortname = {Jackson, Jane},
	title = {Language, identity and study abroad: {{S}}ociocultural perspectives},
	year = {2008}
}
 

@book{IPA1999,
	address = {Cambridge},
	author = {IPA},
	publisher = {Cambridge University Press},
	sortname = {IPA},
	title = {Handbook of the International Phonetic Association},
	year = {1999}
}

@phdthesis{Højen2003,
	address = {Aarhus},
	author = {Højen, Anders Damgren},
	school = {University of Aarhus},
	sortname = {Hojen, Anders Damgren},
	title = {Second-language speech perception and production in adult learners before and after short-term immersion},
	year = {2003}
}

@book{HudsonEtAl1995,
	address = {Honolulu, HI},
	author = {Hudson, Thom  and  Detmer, Emily  and  Brown, James D.},
	number = {7},
	publisher = {University of Hawaii at Manoa, Second Language Teaching \& Curriculum Center},
	series = {Technical Report},
	sortname = {Hudson, Thom  and  Detmer, Emily  and  Brown, James D.},
	title = {Developing prototypic measures of cross-cultural pragmatics},
	year = {1995}
}

@article{HousenKuiken2009,
	address = {Special issue},
	author = {Housen, Alex  and  Folkert Kuiken},
	title = {Complexity, accuracy, fluency ({CAF}) in second language acquisition}m
	journal ={Applied Linguistics},
	volume ={30},
	number ={4},
	title = {\biberror{no title}},
	year = {2009}
}

@article{Higgins1987,
	title = {Self-discrepancy: {{A}} theory relating self and affect},
	author = {Higgins, E. Tory},
	journal  = {Psychological review},
	volume ={94},
	number ={3},
	pages ={319},
	sortname = {Higgins, E. Tory},
	year = {1987}
}

@book{Han2004,
	address = {Clevedon, UK},
	author = {Han, Zhaohong},
	publisher = {Multilingual Matters},
	sortname = {Han, Zhaohong},
	title = {Fossilization in adult second language acquisition},
	year = {2004}
}

@book{Grosjean2010,
	address = {Cambridge},
	author = {Grosjean, François},
	publisher = {Harvard University Press},
	sortname = {Grosjean, Francois},
	title = {{Bilingual}: {{L}}ife and Reality, \biberror{304}},
	year = {2010}
}

@book{GreenbaumQuirk1990,
	address = {Harlow},
	author = {Greenbaum, Sidney  and  Randolph Quirk},
	publisher = {Longman},
	sortname = {Greenbaum, Sidney  and  Randolph Quirk},
	title = {A Student’s Grammar of the {{{English}}} Language, \biberror{490}},
	year = {1990}
}

@misc{GordonDarcy2012,
	title  = {Effects of explicit pronunciation instruction on segmentals and suprasegmentals: {{T}}he development of comprehensible speech in L2 learners},
	author = {Gordon, James.  and  Darcy, Isabelle},
	note = {Paper presented at American Association for Applied Linguistics, Boston, MA},
	sortname = {Gordon, James  and  Darcy, Isabelle},
	year = {2012}
}

@book{Gimson1994,
	address = {London},
	author = {Gimson, Alfred Charles},
	publisher = {Edward Arnold},
	title = {Gimson’s pronunciation of {{{English}}}. {{R}}evision by {Alan Cruttenden}},
	year = {1994}
}

@book{Gass1994,
	address = {New York},
	author = {Gass, Susan M.},
	publisher = {Routledge},
	sortname = {Gass, Susan M.},
	title = {Second language acquisition: {{A}}n introductory course},
	year = {1994}
}

@book{GardnerLambert1972,
	address = {Rowley},
	author = {Gardner, Robert C.  and  Lambert, Wallace E.},
	publisher = {Newbury House Publishers},
	sortname = {Gardner, Robert C.  and  Lambert, Wallace E.},
	title = {Attitudes and motivation in second-language learning},
	year = {1972}
}

@book{Gardner1985,
	address = {London},
	author = {Gardner, Robert C.},
	publisher = {Edward Arnold},
	sortname = {Gardner, Robert C.},
	title = {Social Psychology and Second Language Learning: {{T}}he Role of Attitudes and Motivation},
	year = {1985}
}
 

@book{FriedlAuer2007,
	author = {Friedl, Gabriele  and  Margit Auer},
	url = {http://docplayer.org/11483802-Novelle-der-reifepruefungsverordnung-2007-gueltig-ab-dem-sommertermin-2009-unter-beruecksichtigung-der-rpvo-novelle-2008.html},
	sortname = {Friedl, Gabriele  and  Margit Auer},
	title = {{“Assessment Scale for Writing.” Erläuterungen zur Novellierung der Reifeprufungsverordnung fur {{AH}S}, lebende Fremdsprachen. {{N}}ovelle der Reifeprufungsverordnung gütlig ab dem Sommertermin 2009. \biberror{98}}},
	address={Wien/St. Pölten},
	year = {2007}
}

@book{Freed1995,
	address = {Amsterdam},
	booktitle = {Second language acquisition in a study abroad context},
	editor = {Freed, Barbara},
	publisher = {Benjamins},
	sortname = {Freed, Barbara},
	title = {Second language acquisition in a study abroad context},
	year = {1995a}
}

@book{Fischer2006,
	address = {Amsterdam},
	booktitle = {Approaches to discourse particles},
	editor = {Fischer, Kerstin},
	publisher = {Elsevier},
	title = {Approaches to discourse particles},
	year = {2006}
}

@book{EllisBarkhuizen2005,
	address = {Oxford},
	author = {Ellis, Rod  and  Gary Barkhuizen},
	publisher = {Oxford University Press},
	sortname = {Ellis, Rod  and  Gary Barkhuizen},
	title = {Analysing Learner Language, 404},
	year = {2005}
}

@book{Ellis1994,
	address = {Oxford},
	author = {Ellis, Rod},
	publisher = {Oxford University Press},
	title = {The study of second language acquisition},
	year = {1994}
}

@book{DörnyeiUshioda2013,
	address = {London},
	author = {Dörnyei, Zoltán  and  Ushioda, Ema},
	publisher = {Routledge},
	sortname = {Dornyei, Zoltan  and  Ushioda, Ema},
	title = {\biberror{Teaching and researching: {{M}}otivation}},
	year = {2013}
}

@book{DörnyeiUshioda2011,
	address = {Harlow},
	author = {Dörnyei, Zoltán  and  Ushioda, Ema},
	publisher = {Pearson Education},
	sortname = {Dornyei, Zoltan  and  Ushioda, Ema},
	title = {\biberror{Teaching and researching motivation}},
	year = {2011}
}

@book{DörnyeiTaguchi2009,
	address = {London},
	author = {Dörnyei, Zoltán  and  Taguchi, Tatsuya},
	publisher = {Routledge},
	sortname = {Dornyei, Zoltan  and  Taguchi, Tatsuya},
	title = { Questionnaires in second language research: {{C}}onstruction, administration, and processing},
	year = {2009}
}

@book{Dörnyei2010,
	address = {London},
	author = {Dörnyei, Zoltán},
	publisher = {Routledge},
	sortname = {Dornyei, Zoltan},
	title = {Questionnaires in second language research: {{C}}onstruction, administration, and processing},
	year = {2010}
}

@book{Dörnyei2007,
	address = {Oxford},
	author = {Dörnyei, Zoltán},
	publisher = {Oxford University Press},
	sortname = {Dornyei, Zoltan},
	title = {Research methods in applied linguistics},
	year = {2007}
}
  
@book{Dörnyei2005,
	address = {Mahwah, NJ},
	author = {Dörnyei, Zoltán},
	publisher = {Lawrence Erlbaum},
	sortname = {Dornyei, Zoltan},
	title = {The psychology of the language learner: {{I}}ndividual differences in second language acquisition},
	year = {2005}
}

@book{Dörnyei2001,
	address = {Harlow},
	author = {Dörnyei, Zoltán},
	publisher = {Pearson},
	sortname = {Dornyei, Zoltan},
	title = {Teaching and researching motivation. {A}pplied linguistics in action},
	year = {2001}
}

@book{DuFonChurchill2006,
	address = {Clevedon, UK},
	booktitle = {Language learners in study abroad contexts},
	editor = {DuFon, Margaret A.  and  Churchill, Eton E.},
	publisher = {Multilingual Matters},
	sortname = {DuFon, Margaret A.  and  Churchill, Eton E.},
	title = {Language learners in study abroad contexts},
	year = {2006}
}

@book{Devlin2014,
	address = {Oxford},
	author = {Devlin, Anne Marie},
	publisher = {Peter Lang},
	sortname = {Devlin, Anne Marie},
	title = {The impact of study abroad on the acquisition of sociopragmatic variation patterns: {{T}}he case of non-native speaker {{English}} teachers. {I}ntercultural Studies and Foreign Language Learning 13},
	year = {2014}
}

@article{DerwingMunro2011,
	author = {Derwing, Tracey M.  and  Munro, Murray J.},
	journal = {TESOL Quarterly},
	number = {3},
	pages = {379–397},
	sortname = {Derwing, Tracey M.  and  Munro, Murray J.},
	title = {Second language accent and pronunciation teaching: {{A}} research-based approach},
	volume = {39},
	year = {2011}
}

@article{DerwingMunro2009,
	author = {Derwing, Tracey M.  and  Munro, Murray J.},
	journal = {Language Teaching},
	number = {4},
	pages = {476 – 490},
	sortname = {Derwing, Tracey M.  and  Munro, Murray J.},
	title = {Putting accent in its place: {{R}}ethinking obstacles to communication},
	volume = {42},
	year = {2009}
}

@misc{DerwingFoote2011,
	address = {2010 national survey of pronunciation teaching: Deja vu},
	author = {Derwing, Tracey  and  Foote, Jennifer Ann},
	note = {Paper presented at the American Association for Applied Linguistics, Chicago, IL},
	sortname = {Derwing, Tracey  and  Foote, Jennifer Ann},
	year = {2011}
}

@book{DeMejia2002,
	address = {Clevedon},
	author = {De Mejia, Anne-Marie},
	publisher = {Multilingual Matters},
	sortname = {De Mejia, Anne-Marie},
	title = {Power, Prestige and {Bilingual}ism: {{I}}nternational Perspectives on Elite Bilingual Education},
	series ={Bilingual Education and Bilingualism},
	number ={344},
	year = {2002}
}

@book{DaltonSeidlhofer1994,
	address = {Oxford},
	author = {Dalton, Christiane  and  Seidlhofer, Barbara},
	publisher = {Oxford University Press},
	title = {Pronunciation},
	year = {1994}
}
 
@book{Dalton-PufferEtAl2010,
	address = {Amsterdam},
	booktitle = {Language Use and Language Learning in {{CLIL}} Classrooms},
	editor = {Dalton-Puffer, Christiane, Tarja Nikula,  and  Ute Smit},
	publisher = {John Benjamins},
	title = {Language Use and Language Learning in {{CLIL}} Classrooms},
	year = {2010}
}

@book{Daller2010,
	address = {Available from},
	author = {Daller, Michael},
	note = {//eprints.uwe.ac.uk/11902},
	publisher = {http:},
	sortname = {Daller, Michael},
	title = {Guiraud’s index of lexical richness. {{I}}n: {{B}}ritish Association of Applied Linguistics, {{September}} 2010},
	year = {2010}
}

@book{Dailey2009,
	address = {Birmingham},
	author = {Dailey, Aja},
	publisher = {University of Birmingham. (Master’s Thesis.)},
	sortname = {Dailey, Aja},
	title = {Key Motivational Factors and How Teachers Can Encourage Motivation in their Students},
	year = {2009}
}

@book{DafouzGuerrini2009,
	address = {Madrid},
	booktitle = {{CLIL} across educational levels: {{E}}xperiences from primary, secondary and tertiary contexts},
	editor = {Dafouz, Emma  and  Guerrini, Michele C.},
	publisher = {Santillana Educación},
	sortname = {Dafouz, Emma  and  Guerrini, Michele C.},
	title = {{CLIL} across educational levels: {{E}}xperiences from primary, secondary and tertiary contexts},
	year = {2009}
}

@book{Crystal1982,
	address = {London},
	author = {Crystal, David},
	publisher = {Edward Arnold},
	sortname = {Crystal, David},
	title = {Profiling Linguistic Disability},
	year = {1982}
}

@book{CoyleEtAl2010,
	address = {Cambridge},
	author = {Coyle, Do  and  Hood, Philip  and  Marsh, David},
	publisher = {Cambridge University Press},
	sortname = {Coyle, Do  and  Hood, Philip  and  Marsh, David},
	title = {Content and language integrated learning},
	year = {2010}
}

@book{Cowart1997,
	address = {Thousand Oaks},
	author = {Cowart, Wayne},
	publisher = {SAGE Publications, Inc},
	sortname = {Cowart, Wayne},
	title = {Experimental syntax: {{A}}pplying objective methods to sentence judgments},
	year = {1997}
}

@book{CouncilofEurope2001,
	address = {Cambridge},
	author = {{Council of Europe}},
	publisher = {Press Syndicate of the University of Cambridge},
	title = {Common {{European}} framework of reference for languages: {{L}}earning, teaching, assessment},
	year = {2001}
}

@book{CarterMcCarthy2006,
	address = {Cambridge},
	author = {Carter, Ronald and McCarthy, Michael},
	publisher = {Cambridge University Press},
	sortname = {Carter, Ronald and McCarthy, Michael},
	title = {{{Cambridge}} grammar of {English}: {{A}} comprehensive guide; spoken and written {English} grammar and usage},
	year = {2006}
}

@book{Carlet2017,
	address = {Barcelona},
	author = {Carlet, Angélica},
	publisher = {Universitat Autònoma de Barcelona. (Doctoral dissertation.)},
	sortname = {Carlet, Angelica},
	title = {L2 perception and production of {{English}} consonants and vowels by Catalan speakers: {{T}}he effects of attention and training task in a cross-training study},
	year = {2017}
}

@book{CalvoBenzies2016,
	address = {Santiago},
	author = {Calvo Benzies, Yolanda Joy},
	publisher = {University of Santiago de Compostela. (Doctoral dissertation.)},
	title = {The teaching and learning of {{English}} pronunciation in {Spain}. {A}n analysis and appraisal of students’ and teachers’ views and teaching materials},
	year = {2016}
}

@book{Byram1997,
	address = {Bristol, UK},
	author = {Byram, Michael},
	publisher = {Multicultural Matters},
	sortname = {Byram, Michael},
	title = {Teaching and assessing intercultural communicative competence},
	year = {1997}
}

@book{ButtBenjamin2004,
	address = {London},
	author = {Butt, John  and  Benjamin, Carmen},
	publisher = {E. Arnold},
	sortname = {Butt, John  and  Benjamin, Carmen},
	title = {A new reference grammar of modern {Spanish}},
	year = {2004}
}

@book{Bruyne1995,
	address = {Cambridge, MA},
	author = {Bruyne, Jacques de},
	publisher = {Blackwell},
	sortname = {Bruyne, Jacques de},
	title = {A comprehensive {Spanish} grammar},
	year = {1995}
}

@book{BrownLevinson1987,
	address = {Cambridge},
	author = {Brown, Penelope  and  Levinson, Stephen C.},
	publisher = {Cambridge University Press},
	sortname = {Brown, Penelope  and  Levinson, Stephen C.},
	title = {Politeness: {{S}}ome universals in language use},
	year = {1987}
}

@book{Breiteneder2005,
	address = {Vienna},
	author = {Breiteneder, Angelika},
	publisher = {University of Vienna. (Master’s Thesis.)},
	sortname = {Breiteneder, Angelika},
	title = {Exploiting redundancy in {{English}} as a European lingua franca: {{T}}he case of the ‘third person -s’},
	year = {2005}
}

@book{BoersmaWeenink2008,
	address = {Praat},
	author = {Boersma, Paul  and  Weenink, David},
	note = {//www.fon.hum.uva.nl/praat/},
	publisher = {Doing phonetics by computer. http:},
	sortname = {Boersma, Paul  and  Weenink, David},
	title = {\biberror{no title}},
	year = {2008}
}

@book{Block2007,
	address = {London/New York},
	author = {Block, David},
	publisher = {Continuum},
	sortname = {Block, David},
	title = {Second Language Identities},
	year = {2007}
}

@book{Block2006,
	address = {London},
	author = {Block, David},
	publisher = {Palgrave},
	sortname = {Block, David},
	title = {Multilingual identities in a global city: {{L}}ondon stories},
	year = {2006}
}

@book{Block2003,
	address = {Washington, DC},
	author = {Block, David},
	publisher = {Georgetown University Press},
	sortname = {Block, David},
	title = { The social turn in second language acquisition},
	year = {2003}
}

@book{Blakemore1992,
	address = {Oxford},
	author = {Blakemore, Diane},
	publisher = {Blackwell},
	sortname = {Blakemore, Diane},
	title = { Understanding utterances: {{A}}n introduction to pragmatics},
	year = {1992}
}

@book{Beaven2012,
	address = {Warwick},
	author = {Beaven, Ana},
	publisher = {University of Warwick. (Doctoral dissertation.)},
	sortname = {Beaven, Ana},
	title = {An exploration of cross-cultural adaptation in the context of {European} student mobility},
	year = {2012}
}

@book{Barron2003,
	address = {Amsterdam},
	author = {Barron, Anne},
	publisher = {Benjamins},
	title = {Acquisition in interlanguage pragmatics: {{L}}earning how to do things with words in a study abroad context},
	year = {2003}
}

@book{Barron2003,
	address = {Amsterdam},
	author = {Barron, Anne},
	publisher = {Benjamins},
	sortname = {Barron, Anne},
	title = {Acquisition in interlanguage pragmatics: {{L}}earning how to do things with words in a study abroad context. {{V}}ol. 108},
	year = {2003}
}

@book{Bach2012,
	address = {Aarhus},
	author = {Bach, Ocke-Schwen},
	publisher = {University of Aarhus. (M.A. dissertation.)},
	sortname = {Bach, Ocke-Schwen},
	title = {Coexistence of phonetic systems in {{Danish}/{{English}}} bilinguals: {{A}} study of the production of {VOT} categories},
	year = {2012}
}

@misc{Avello2010b,
	title = {Study abroad and foreign accent: The production of /i- ɪ/ and /æ - ʌ/ by Catalan/Spanish bilinguals},
	note ={Paper presented at the 20th International Conference of the European Second Language Association - Eurosla, University of Modena and Reggio Emilia, Italy},
	author = {Avello, Pilar},
	year = {2010}
}

@misc{Avello2010a,
	address = {The effect of study abroad on Catalan/Spanish bilinguals’ production of {English} /i- ɪ/ and /æ - ʌ/ contrasting pairs},
	note {Paper presented at the 6th International Conference on Language Acquisition - CIAL, Universitat de Barcelona, {Spain}}
	author = {Avello, Pilar},
	year = {2010}
}
 
@book{Arnó-MaciàMancho-Barés2015,
	address = {\biberror{no address}},
	author = {Arnó-Macià, Elisabet  and  Mancho-Barés, Guzman},
	number = {1},
	publisher = {{English} for Specific Purposes},
	sortname = {Arno-Macia, Elisabet  and  Mancho-Bares, Guzman},
	title = {The role of content and language in content and language integrated learning ({{CLIL}}) at university: {{C}}hallenges and implications for {ESP}},
	volume = {37},
	year = {2015}
}

@book{Andersen2001,
	address = {Amsterdam},
	author = {Andersen, Gisle},
	publisher = {Benjamins},
	sortname = {Andersen, Gisle},
	title = { Pragmatic markers and sociolinguistic variation: {{A}} relevance-theoretic approach to the language of adolescents 84},
	year = {2001}
}

@book{Alcón-Soler2008,
	address = {Berlin},
	booktitle = {Learning how to request in an instructed language learning context},
	editor = {Alcón-Soler, Eva},
	publisher = {Peter Lang},
	sortname = {Alcon-Soler, Eva},
	title = {Learning how to request in an instructed language learning context},
	year = {2008}
}

@book{Aiken1997,
	address = {New York},
	author = {Aiken, Lewis},
	publisher = {John Wiley},
	sortname = {Aiken, Lewis},
	title = {Questionnaires and inventories: {{S}}urveying opinions and assessing personality},
	year = {1997}
}

@article{Zielinski2008,
	author = {Zielinski, Beth W.},
	journal = {System},
	pages = {69--84},
	sortname = {Zielinski, Beth W.},
	title = {The listener: {{N}}o longer the silent partner in reduced intelligibility},
	volume = {36},
	year = {2008}
}

@article{Zaker2016,
	author = {Zaker, Alireza},
	journal = {Indonesian EFL Journal},
	number = {2},
	pages = {80--87},
	title = {The acculturation model of second language acquisition: {{I}}nspecting weaknesses and strengths},
	volume = {2},
	year = {2016}
}

@article{YavaşWildermuth2006,
	author = {Yavaş, Mehmet  and  Wildermuth, Renée},
	journal = {International Review of Applied Linguistics in Language Teaching},
	number = {3},
	pages = {251–263},
	sortname = {Yavas, Mehmet  and  Wildermuth, Renee},
	title = {The effects of place of articulation and vowel height in the acquisition of {{English}} aspirated stops by Spanish speakers},
	volume = {44},
	year = {2006}
}

@article{Yates2011,
	author = {Yates, Lynda},
	journal = {/International Journal of Bilingual Education and Bilingualism/},
	number = {4},
	pages = {457--471},
	title = {Interaction, language learning and social inclusion in early settlement},
	volume = {14},
	year = {2011}
}

@article{YashimaEtAl2004,
	author = {Yashima, Tomoko  and  Zenuk-Nishide, Lori  and  Shimizu, Kazuaki},
	journal = {Language Learning},
	number = {1},
	pages = {119–152},
	title = {The Influence of Attitudes and Affect on Willingness to Communicate and Second Language Communication},
	volume = {54},
	year = {2004}
}

@article{Yashima2002,
	author = {Yashima, Tomoko},
	journal = {The Modern Language Journal},
	number = {1},
	pages = {54–66},
	title = {Willingness to communicate in a second language: {{T}}he {{{Japanese}}} {{{EFL}}} context},
	volume = {86},
	year = {2002}
}

@article{Xiao2015,
	author = {Xiao, Feng},
	journal = {Studies in Second Language Learning and Teaching},
	number = {4},
	pages = {557--581},
	title = {Proficiency effect on {L2} pragmatic competence},
	volume = {5},
	year = {2015}
}

@article{Woodrow2006,
	author = {Woodrow, Lindy},
	journal = {Anxiety and speaking {English} as a second language. RELC Journal: A Journal of Language Teaching and Research },
	number = {3},
	pages = {308–328},
	title = {\biberror{no title}},
	volume = {37},
	year = {2006}
}

@article{Wong2010,
	author = {Wong, Ruth M H.},
	journal = {PORTA LINGUARUM},
	pages = {119–130},
	title = {The effectiveness of using {{{English}}} as the sole medium of instruction in {{{English}}} classes: {{S}}tudent responses and improved {{{English}}} proficiency},
	volume = {13},
	year = {2010}
}

@article{Williams2012,
	author = {Williams, Jessica},
	journal = {Journal of Second Language Writing},
	number = {4},
	pages = {321–331},
	title = {The potential role(s) of writing in second language development},
	volume = {21},
	year = {2012}
}

@article{Williams2005,
	author = {Williams, Tracy Rundstrom},
	journal = {Journal of Studies in International Education},
	number = {4},
	pages = {356--371},
	title = {Exploring the impact of study abroad on students’ intercultural communication skills: {{A}}daptability and sensitivity},
	volume = {9},
	year = {2005}
}

@article{Wesche1989,
	author = {Wesche, Marjorie Bingham},
	journal = {The Canadian Journal of Higher Education},
	number = {3},
	pages = {30–41},
	title = {Les diplômés de l’immersion: {{I}}mplications dans le domaine de l'enseignement du français},
	volume = {19},
	year = {1989}
}

@article{Wei2011,
	author = {Wei, Ming},
	journal = {Foreign Language Annals},
	number = {4},
	pages = {674--691},
	title = {A comparative study of the oral proficiency of {{{Chinese}}} learners of {{English}} across task functions: {{A}} discourse marker perspective},
	volume = {44},
	year = {2011}
}

@article{WardKennedy1999,
	author = {Ward, Colleen  and  Kennedy, Antony},
	journal = {International Journal of Intercultural Relations},
	pages = {659--677},
	title = {The measurement of sociocultural adaptation},
	volume = {23},
	year = {1999}
}

@article{WaningeEtAl2014,
	author = {Waninge, Freekien  and  Dörnyei, Zoltán  and  De Bot, Kees},
	journal = {Modern Language Journal},
	number = {3},
	pages = {704–723},
	sortname = {Waninge, Freekien  and  Dornyei, Zoltan  and  De Bot, Kees},
	title = {Motivational dynamics in language learning: {{C}}hange, stability, and context},
	volume = {98},
	year = {2014}
}

@article{Vyatkina2012,
	author = {Vyatkina, Nina},
	journal = {The Modern Language Journal},
	number = {4},
	pages = {576--598},
	title = {The Development of Second Language Writing Complexity in Groups and Individuals: {{A}} Longitudinal Learner Corpus Study},
	volume = {96},
	year = {2012}
}

@article{Vellenga2004,
	author = {Vellenga, Heidi},
	journal = {Tesl-Ej },
	number = {2},
	pages = {1--18},
	title = {Learning pragmatics from {{ESL}} \& {EFL} textbooks: {{H}}ow likely?},
	volume = {8},
	year = {2004}
}

@article{VedderVirta2005,
	author = {Vedder, Paul  and  Virta, Erkki},
	journal = {International Journal of Intercultural Relations},
	pages = {317--337},
	title = {Language, ethnic identity, and the adaptation of {Turkish} immigrant youth in the Netherlands and Sweden},
	volume = {29},
	year = {2005}
}

@article{VandeEtAl2009,
	author = {Vande Berg, Michael  and  Connor-Linton, Jeffrey  and  Paige, R. Michael},
	journal = {Frontiers: The Interdisciplinary Journal of Study Abroad},
	pages = {1--75},
	sortname = {Vande Berg, Michael  and  Connor-Linton, Jeffrey  and  Paige, R. Michael},
	title = {The Georgetown consortium project: {{I}}nterventions for student learning abroad},
	volume = {18},
	year = {2009}
}

@article{Vanda2007,
	author = {Vanda, Koczogh Helga},
	journal = {Argumentum },
	pages = {46--53},
	title = {Native speaker and non-native speaker discourse marker use},
	volume = {3},
	year = {2007}
}

@article{Usó-JuanMartínez-Flor2014,
	author = {Usó-Juan, \biberror{E.}  and  Martínez-Flor, Alicia},
	journal = {{Iranian} Journal of Language Testing},
	number = {1},
	pages = {113--136},
	sortname = {Uso-Juan, E.  and  Martinez-Flor, Alicia},
	title = {Reorienting the assessment of the conventional expressions of complaining and apologising: {{F}}rom single-response to interactive {DCTs}},
	volume = {4},
	year = {2014}
}

@article{Unterberger2012,
	author = {Unterberger, Barbara. J.},
	journal = {AILA Review},
	pages = {80--100},
	sortname = {Unterberger, Barbara. J.},
	title = {{{{English}}} medium programmes at Austrian business faculties. {{A}} status quo survey on national trends and a case study on programme design and delivery},
	volume = {25},
	year = {2012}
}

@article{TrofimovichIsaacs2012,
	author = {Trofimovich, Pavel  and  Isaacs, Talia},
	journal = {Bilingualism: Language and Cognition},
	pages = {905--916},
	title = {Disentangling accent from comprehensibility},
	volume = {15},
	year = {2012}
}

@article{Trenchs-PareraNewman2015,
	author = {Trenchs-Parera, Mireia  and  Newman, Michael},
	journal = {Language and Linguistics Compass},
	number = {9},
	pages = {491--501},
	title = {Language Policies, Ideologies, and Attitudes in Catalonia. {P}art 2: {{I}}nternational immigration, Globalization and the Future of {Catalan}},
	volume = {12},
	year = {2015}
}

@article{Teichler2004,
	author = {Teichler, Ulrich},
	journal = {European Journal of Education},
	number = {4},
	pages = {395--408},
	title = {Temporary Study Abroad: {{T}}he life of {ERASMUS} students},
	volume = {39},
	year = {2004}
}

@article{Tazl2011,
	author = {Tazl, Dietmar},
	journal = {Journal of {English} for Academic purposes},
	number = {4},
	pages = {252--270},
	title = {{{{English}}} medium Masters’ programmes at an Austrian university of applied sciences: {{A}}ttitudes, experiences and challenges},
	volume = {10},
	year = {2011}
}

@article{TaguchiEtAl2016,
	author = {Taguchi, Naoko  and  Xiao, Feng  and  Li, Shuai},
	journal = {The Modern Language Journal},
	number = {4},
	pages = {1--22},
	title = {Effects of intercultural competence and social contact on speech act production in a {{{Chinese}}} study abroad context},
	volume = {100},
	year = {2016}
}

@article{Taguchi2015b,
	author = {Taguchi, Naoko},
	journal = {International Journal of Applied Linguistics},
	number = {3},
	pages = {343--365},
	title = {Cross-cultural adaptability and development of speech act production in study abroad},
	volume = {25},
	year = {2015}
}

@article{Taguchi2015a,
	author = {Taguchi, Naoko},
	journal = {System},
	pages = {3--20},
	title = {Contextually speaking: {{A}} survey of pragmatic learning abroad, in class, and online},
	volume = {48},
	year = {2015}
}
 

@article{Taguchi2013,
	author = {Taguchi, Naoko},
	journal = {Applied Research on {English} Language},
	number = {2},
	pages = {1--16},
	title = {Individual differences and development of speech act production},
	volume = {2},
	year = {2013}
}

@article{Taguchi2011,
	author = {Taguchi, Naoko},
	journal = {The Modern Language Journal},
	number = {4},
	pages = {605--627},
	title = {Pragmatic development as a dynamic, complex process: {{G}}eneral patterns and case histories},
	volume = {95},
	year = {2011}
}

@article{Taguchi2006,
	author = {Taguchi, Naoko},
	journal = {Pragmatics},
	pages = {513--535},
	title = {Analysis of appropriateness in a speech act of request in L2 {{English}}},
	volume = {16},
	year = {2006}
}

@article{SylvénThompson2015,
	author = {Sylvén, Liss Kerstin  and  Thompson, Amy S.},
	journal = {Journal of Immersion and Content-Based Language Education},
	number = {1},
	pages = {28–50},
	sortname = {Sylven, Liss Kerstin  and  Thompson, Amy S.},
	title = {Language learning motivation and {{{CLIL}}}: {{I}}s there a connection?},
	volume = {3},
	year = {2015}
}

@article{Swain2000,
	author = {Swain, Merrill},
	journal = {Sociocultural Theory and Second Language Learning},
	pages = {97–114},
	title = {The output hypothesis and beyond: {{M}}ediating acquisition through collaborative dialogue},
	volume = {\biberror{no volume}},
	year = {2000}
}

@article{Swain2000,
	author = {Swain, Merrill},
	journal = {Annual Review of Applied Linguistics},
	pages = {199–212},
	title = {{{French}} Immersion Research in Canada: {{R}}ecent Contributions to {{SL}A} and Applied Linguistics},
	volume = {20},
	year = {2000}
}

@article{Stern1985,
	author = {Stern, Hans H.},
	journal = {TESL Canada Journal/Revue Tesl du Canada},
	number = {1},
	pages = {13--29},
	title = {The time factor and the Compact Course Development},
	volume = {3},
	year = {1985}
}

@article{SmitDafouz2012,
	author = {Smit, Ute  and  Dafouz, Emma},
	journal = {AILA Review},
	number = {1},
	pages = {1--12},
	title = {Integrating content and language in higher education: {{A}}n introduction to {{{English}}}-medium policies, conceptual issues and research practices across {Europe}},
	volume = {25},
	year = {2012}
}

@article{SkehanFoster1999,
	author = {Skehan, Peter  and  Pauline Foster},
	journal = {Language Learning},
	pages = {93–120},
	title = {The Influence of Task Structure and Processing Conditions on Narrative Retellings},
	volume = {49},
	year = {1999}
}

@article{Skehan2009,
	author = {Skehan, Peter},
	journal = {Applied Linguistics},
	number = {4},
	pages = {510--532},
	title = {Modelling Second Language Performance: {{I}}ntegrating Complexity, Accuracy, Fluency, and Lexis},
	volume = {30},
	year = {2009}
}

@article{Simões1996,
	author = {Simões, Antonio R. M.},
	journal = {Hispania},
	number = {1},
	pages = {87–95},
	sortname = {Simoes, Antonio R. M.},
	title = {Phonetics in second language acquisition: {{A}}n acoustic study of fluency in adult learners of {Spanish}},
	volume = {79},
	year = {1996}
}

@article{ShaoGao2016,
	author = {Shao, Qing  and  Gao, Xuesong},
	journal = {System},
	pages = {115–120},
	title = {Reticence and willingness to communicate ({{WTC}}) of {{East}} Asian language learners},
	volume = {63},
	year = {2016}
}

@article{Sert2008,
	author = {Sert, Nehir},
	journal = {System},
	pages = {156--171},
	title = {The language of instruction dilemma in the {{Turkish}} context},
	volume = {36},
	year = {2008}
}

@article{SerranoEtAl2011,
	author = {Serrano, Raquel, Àngel Llanes  and  Elsa Tragant},
	journal = {System},
	number = {2},
	pages = {133–143},
	sortname = {Serrano, Raquel, Angel Llanes  and  Elsa Tragant},
	title = {Analyzing the effect of context of second language learning: {{D}}omestic intensive and semi-intensive courses vs. {{S}}tudy abroad in {{Europe}}},
	volume = {39},
	year = {2011}
}

@article{Serrano2007,
	author = {Serrano, Raquel  and  Carmen Muñoz},
	journal = {System},
	number = {3},
	pages = {305–321},
	sortname = {Serrano, Raquel  and  Carmen Munoz},
	title = {Same hours, different time distribution: {{A}}ny difference in {{EF}L}?},
	volume = {35},
	year = {2007}
}

@article{Selinker1972,
	author = {Selinker, Larry},
	journal = {International Review of Applied Linguistics in Language Teaching},
	number = {3},
	pages = {209–231},
	title = {Interlanguage},
	volume = {10},
	year = {1972}
}

@article{Seikkula-Leino2007,
	author = {Seikkula-Leino, Jaana},
	journal = {Language and Education},
	number = {4},
	pages = {328–341},
	title = {{{CLIL}} learning: {{A}}chievement levels and affective factors},
	volume = {21},
	year = {2007}
}

@article{Seidlhofer2001,
	author = {Seidlhofer, Barbara},
	journal = {International Journal of Applied Linguistics },
	number = {2},
	pages = {133–158},
	title = {Closing a conceptual gap: The case for a description of {English} as a lingua franca},
	volume = {11},
	year = {2001}
}

@article{SegalowitzFreed2004,
	author = {Segalowitz, Norman  and  Freed, Barbara},
	journal = {Studies in Second Language Acquisition},
	number = {2},
	pages = {173–199},
	title = {Context, contact and cognition in oral fluency acquisition: {{L}}earning {Spanish} in at home and study abroad contexts},
	volume = {26},
	year = {2004}
}


@article{SchwartzhauptEtAl2014,
	author = {Schwartzhaupt, Bruno Moraesa  and  Alves Ubriatã Kickhöfel},
	journal = {Fórum Linguístico},
	number = {1},
	pages = {51–68},
	sortname = {Schwartzhaupt, Bruno Moraesa  and  Alves Ubriata Kickhofel},
	title = {A influência do contexto fonético-fonológico nos valores de voiceonsete time: {{V}}erificação de dados des três sistemas lingüísticos},
	volume = {11},
	year = {2014}
}

@article{Schumann1986,
	author = {Schumann, John H.},
	journal = {Journal of Multilingual and Multicultural Development},
	number = {5},
	pages = {379--392},
	sortname = {Schumann, John H.},
	title = {Research on the acculturation model for second language acquisition},
	volume = {7},
	year = {1986}
}

@article{Schauer2006,
	author = {Schauer, Gila. A.},
	journal = {Language Learning},
	number = {2},
	pages = {269--318},
	sortname = {Schauer, Gila. A.},
	title = {Pragmatic awareness in {{ESL}} and {EFL} contexts: {{C}}ontrast and development},
	volume = {56},
	year = {2006}
}

@article{Sasaki2011,
	author = {Sasaki, Miyuki},
	journal = {TESOL Quarterly},
	number = {1},
	pages = {81–105},
	title = {Effects of varying lengths of study-abroad experiences on {Japanese} {EFL} students’ L2 writing ability and motivation: {{A}} longitudinal study},
	volume = {45},
	year = {2011}
}

@article{Sasaki2004,
	author = {Sasaki, Miyuki},
	journal = {Language Learning},
	number = {3},
	pages = {525–582},
	title = {A multiple-data analysis of the 3.5-year development of {EFL} student writers},
	volume = {54},
	year = {2004}
}

@article{SankoffEtAl1997,
	author = {Sankoff, Gillian., Thibault, Pierrette., Nagy, Naomi., Blondeau, Hélène., Fonollosa, Marie-Odile.,  and  Gagnon, Lucie},
	journal = {Language Variation and Change},
	pages = {191--217},
	sortname = {Sankoff, Gillian., Thibault, Pierrette., Nagy, Naomi., Blondeau, Helene., Fonollosa, Marie-Odile.,  and  Gagnon, Lucie},
	title = {Variation in the use of discourse markers in a language contact situation},
	volume = {9},
	year = {1997}
}

@article{Rossiter2009,
	author = {Rossiter, Marian},
	journal = {The Canadian Modern Language Review},
	number = {3},
	pages = {395--412},
	title = {Perceptions of {L2} fluency by native and non-native speakers of {{{English}}}},
	volume = {65},
	year = {2009}
}

@article{RoquetPérez-Vidal2015,
	author = {Roquet, Helena  and  Carmen Pérez-Vidal},
	journal = {System},
	pages = {80--90},
	sortname = {Roquet, Helena  and  Carmen Perez-Vidal},
	title = {The linguistic impact of a {{CLIL}} Science Programme: {{A}}n analysis measuring relative gains},
	volume = {54},
	year = {2015}
}

@article{RineyFlege1998,
	author = {Riney, Timothy  and  Flege, James E.},
	journal = {Studies in Second Language Acquisition},
	pages = {213–243},
	title = {Changes over time in global foreign accent and liquid identifiability and accuracy},
	volume = {20},
	year = {1998}
}

@article{Rifkin2005,
	author = {Rifkin, Benjamin},
	journal = {The Modern Language Journal},
	number = {1},
	pages = {3–18},
	title = {A Ceiling Effect in Traditional Classroom Foreign Language Instruction: {{D}}ata from {{Russian}}},
	volume = {89},
	year = {2005}
}

@article{ReisNobre-Oliveira2007,
	author = {Reis, Mara Sliva  and  Nobre-Oliveira, Denize},
	journal = {\biberror{no journal}},
	note = {. Florianopolis: UFPR.},
	pages = {398–407},
	title = {Effects of perceptual training on the identification and production of {{English}} voiceless plosives aspiration by Brazilian {EFL} learners. {I}n {Proceedings of the 5th International symposium on the acquisition of second language speech, New Sounds, vol}},
	volume = {5},
	year = {2007}
}

@article{RedfieldEtAl1936,
	author = {Redfield, Robert  and  Linton, Ralph  and  Herskovits, Melville},
	journal = {American Anthropologist},
	pages = {149–152},
	title = {Memorandum on the study of acculturation},
	volume = {38},
	year = {1936}
}

@article{RalloJuan-Garau2011,
	author = {Rallo, Lucrecia  and  Juan-Garau, Maria},
	journal = {Poznań Studies in Contemporary Linguistics PSiCL},
	pages = {96--108},
	title = {Assessing {{FL}} pronunciation in a semi-immersion setting: {{T}}he effects of {CLIL} instruction on {{Spanish}}-{Catalan} learners’ perceived comprehensibility and accentedness},
	volume = {47},
	year = {2011}
}

@article{Pérez-VidalJuan-Garau2011,
	author = {Pérez-Vidal, Carmen  and  Juan-Garau, Maria},
	journal = {International Review of Applied Linguistics in Language Teaching},
	number = {2},
	pages = {157–185},
	sortname = {Perez-Vidal, Carmen  and  Juan-Garau, Maria},
	title = {The effect of context and input conditions on oral and written development: {{A}} study abroad perspective},
	volume = {49},
	year = {2011}
}

@article{Pérez-Cañado2012,
	author = {Pérez-Cañado, Maria Luisa},
	journal = {International Journal of Bilingual Education and Bilingualism},
	number = {3},
	pages = {315--341},
	sortname = {Perez-Canado, Maria Luisa},
	title = {{{CLIL}} research in {{Europe}}: {{P}}ast, present, and future},
	volume = {15},
	year = {2012}
}

@article{PorterGarvin1989,
	author = {Porter, Don  and  Garvin, Sue},
	journal = {Speak Out!},
	pages = {8--15},
	title = {Attitudes to pronunciation in {{EFL}}},
	volume = {5},
	year = {1989}
}

@article{Polio1997,
	author = {Polio, Charlene},
	journal = {Language Learning},
	number = {1},
	pages = {101–143},
	title = {Measures of Linguistic Accuracy in Second Language Writing Research},
	volume = {47},
	year = {1997}
}

@article{PlonskyOswald2014,
	author = {Plonsky, Luke  and  Frederick L. Oswald},
	journal = {Methodological Review Article, Language Learning},
	number = {4},
	pages = {878–912},
	sortname = {Plonsky, Luke  and  Frederick L. Oswald},
	title = {How Big Is “Big”? {{I}}nterpreting Effect Sizes in L2 Research},
	volume = {64},
	year = {2014}
}

@article{Pitts2009,
	author = {Pitts, Margaret J.},
	journal = {International Journal of Intercultural Relations},
	pages = {450–462},
	title = {Identity and the role of expectations, stress, and talk in short-term student sojourner adjustment: {{A}}n application of the integrative theory of communication and cross-cultural adaptation},
	volume = {33},
	year = {2009}
}

@article{PiskeEtAl2001,
	author = {Piske, Thorsten  and  MacKay, Ian R. A.  and  Flege, James E.},
	journal = {Journal of Phonetics},
	number = {2},
	pages = {191–215},
	sortname = {Piske, Thorsten  and  MacKay, Ian R. A.  and  Flege, James E.},
	title = {Factors affecting degree of foreign accent in an L2: {{A}} review},
	volume = {29},
	year = {2001}
}

@article{PenningtonRichards1986,
	author = {Pennington, Martha C.  and  Richards, Jack C.},
	journal = {TESOL Quarterly},
	number = {2},
	pages = {207--225},
	sortname = {Pennington, Martha C.  and  Richards, Jack C.},
	title = {Pronunciation revisited},
	volume = {20},
	year = {1986}
}

@article{PecorariEtAl2011,
	author = {Pecorari, Diane and Shaw, Philip and Irvine, Aileen  and  Malmström, Hans},
	journal = {Iberica},
	pages = {55--78},
	sortname = {Pecorari, Diane and Shaw, Philip and Irvine, Aileen  and  Malmstrom, Hans},
	title = {{{{English}}} for academic purposes at Swedish universities: {{T}}eachers’ objectives and practices},
	volume = {22},
	year = {2011}
}

@article{Pavlenko2007,
	author = {Pavlenko, Aneta},
	journal = {Applied Linguistics},
	number = {2},
	pages = {163–188},
	title = {Autobiographic narratives as data in applied linguistics},
	volume = {28},
	year = {2007}
}

@article{ParvareshTavakoli2009,
	author = {Parvaresh, Vahid  and  Tavakoli, Mansoor},
	journal = { The Social Sciences},
	number = {4},
	pages = {366--373},
	title = {Discourse completion tasks as elicitation tools: {{H}}ow convergent are they},
	volume = {4},
	year = {2009}
}

@article{Papi2010,
	author = {Papi, Mostafa},
	journal = {System},
	number = {3},
	pages = {467–479},
	title = {The L2 motivational self system, L2 anxiety, and motivated behavior: {{A}} structural equation modeling approach},
	volume = {38},
	year = {2010}
}

@article{Pallotti2015,
	author = {Pallotti, Gabriele},
	journal = {Second Language Research},
	number = {1},
	pages = {117--134},
	title = {A simple view of linguistic complexity},
	volume = {31},
	year = {2015}
}

@article{Pakir2009,
	author = {Pakir, Anne},
	journal = {{English} as a lingua franca: Analyzing research frameworks in international {English}, world {English}es, and ELF. World {English}es},
	number = {2},
	pages = {224–235},
	title = {\biberror{no title}},
	volume = {28},
	year = {2009}
}

@article{PaigeEtAl2002,
	author = {Paige, R. Michael and Cohen, Andrew D.  and  Shiveley, Rachel L.},
	journal = {Frontiers: The Interdisciplinary Journal of Study Abroad},
	pages = {253--276},
	sortname = {Paige, R. Michael and Cohen, Andrew D.  and  Shiveley, Rachel L.},
	title = {Assessing the impact of a strategies-based curriculum on language and culture learning while abroad},
	volume = {v10},
	year = {2002}
}

@article{OzdenerSatar2008,
	address = {},
	author = {Ozdener, Nesrin  and  Satar, H. Muge},
	journal = {Turkish Online Journal of Distance Education},
	number = {2},
	pages = {\biberror{no pages}},
	sortname = {Ozdener, Nesrin  and  Satar, H. Muge},
	title = {Computer-mediated communication in foreign language education: {{U}}se of target language and learner perceptions},
	volume = {9},
	year = {2008}
}

@article{Ortega2012,
	author = {Ortega, Lourdes},
	journal = {Journal of Second Language Writing},
	number = {4},
	pages = {404–415},
	title = {{{E}}pilogue: {{{{E}}}}xploring L2 {Writing-{SL}A} Interfaces},
	volume = {21},
	year = {2012}
}

@article{NorrisOrtega2009,
	author = {Norris, John M.  and  Lourdes Ortega},
	journal = {Applied Linguistics},
	number = {4},
	pages = {555–578},
	sortname = {Norris, John M.  and  Lourdes Ortega},
	title = {Towards an Organic Approach to Investigating {{CA}F} in Instructed {SL}A: {{T}}he Case of Complexity},
	volume = {30},
	year = {2009}
}

@article{NguyenEtAl2012,
	author = {Nguyen, Thi Thuy Minh., Pham, Thi Pham Hanh.,  and  Pham, Minh Tam},
	journal = {Journal of Pragmatics},
	pages = {416--434},
	sortname = {Nguyen, Thi Thuy Minh., Pham, Thi Pham Hanh.,  and  Pham, Minh Tam},
	title = {The relative effects of explicit and implicit form-focused instruction on the development of L2 pragmatic competence},
	volume = {44},
	year = {2012}
}

@article{NewmanEtAl2008,
	author = {Newman, Michael  and  Trenchs-Parera, Mireia  and  Ng, Shukhan},
	journal = {Journal of Sociolinguistics},
	number = {3},
	pages = {306--333},
	title = {Normalizing bilingualism: {{T}}he effects of the Catalonian linguistic normalization policy one generation after},
	volume = {12},
	year = {2008}
}

@article{Neary-Sundquist2014,
	author = {Neary-Sundquist, Colleen},
	journal = {Studies in Second Language Learning and Teaching},
	number = {4},
	pages = {637--663},
	title = {The use of pragmatic markers across proficiency levels in second language speech},
	volume = {4},
	year = {2014}
}

@article{Neary-Sundquist2013,
	author = {Neary-Sundquist, Colleen},
	journal = {L2 Journal},
	number = {2},
	pages = {1--21},
	title = {Task type effects on pragmatic marker use by learners at varying proficiency levels},
	volume = {5},
	year = {2013}
}
 
@article{Muñoz2001,
	author = {Muñoz, Carmen},
	journal = {Anuari de Filologia. Secció A, Filologia anglesa i alemanya},
	pages = {71–82},
	sortname = {Munoz, Carmen},
	title = {The use of the target language as the medium of instruction: {{{{U}}}}niversity students' perceptions},
	volume = {10},
	year = {2001}
}
 
@article{MunroDerwing1999,
	author = {Munro, Murray J.  and  Derwing, Tracey M.},
	journal = {Language Learning},
	pages = {285–310},
	sortname = {Munro, Murray J.  and  Derwing, Tracey M.},
	title = {Foreign accent, comprehensibility, and intelligibility in the speech of second language learners},
	volume = {49},
	year = {1999}
}

@article{MunroDerwing1998,
	author = {Munro, Murray J.  and  Derwing, Tracey M.},
	journal = {Language Learning},
	number = {2},
	pages = {159–182},
	sortname = {Munro, Murray J.  and  Derwing, Tracey M.},
	title = {The effects of speaking rate on listener evaluations of native and foreign-accented speech},
	volume = {48},
	year = {1998}
}

@article{MunroDerwing1995,
	author = {Munro, Murray J.,  and  Derwing, Tracey M.},
	journal = {Language Learning},
	number = {1},
	pages = {73–97},
	sortname = {Munro, Murray J.,  and  Derwing, Tracey M.},
	title = {Foreign accent, comprehensibility, and intelligibility in the speech of second language learners},
	volume = {45},
	year = {1995}
}
 
@article{Munro1998,
	author = {Munro, Murray J.},
	journal = {Studies in Second Language Acquisition},
	pages = {139–154},
	title = {The effects of noise on the intelligibility of foreign-accented speech},
	volume = {20},
	year = {1998}
}

@article{Mearns2012,
	author = {Mearns, Tessa L.},
	journal = {Language Learning Journal},
	number = {2},
	pages = {175–192},
	title = {Using {{{CLIL}}} to enhance pupils’ experience of learning and raise attainment in {{German}} and health education: {{A}} teacher research project},
	volume = {40},
	year = {2012}
}

@article{MeadorEtAl2000,
	author = {Meador, Diane  and  Flege, James E.  and  Mackay, Ian R. A.},
	journal = {Bilingualism: Language and Cognition},
	number = {1},
	pages = {55–67},
	sortname = {Meador, Diane  and  Flege, James E.  and  Mackay, Ian R. A.},
	title = {Factors affecting the recognition of words in a second language},
	volume = {3},
	year = {2000}
}

@article{MazzaroEtAll2003,
	author = {Mazzarol, Tim  and  Norman Soutar, Geoffrey  and  Sim Yaw Seng, Michael},
	journal = {The third wave: Future trends in international education. International Journal of Educational Management },
	number = {3},
	pages = {90–99},
	title = {\biberror{no title}},
	volume = {17},
	year = {2003}
}

@article{Maschler1994,
	author = {Maschler, Yael},
	journal = {Language in Society },
	number = {3},
	pages = {325--366},
	title = {Metalanguaging and discourse markers in bilingual conversation},
	volume = {23},
	year = {1994}
}

@article{Martínez-FlorUsó-Juan2011,
	author = {Martínez-Flor, Alicia  and  Usó-Juan, Esther},
	journal = {Estudios de Lingüística Inglesa Aplicada},
	pages = {47--87},
	sortname = {Martinez-Flor, Alicia  and  Uso-Juan, Esther},
	title = {Research methodologies in pragmatics: {{{{E}}}}liciting refusals to requests},
	volume = {1},
	year = {2011}
}

@article{MarkusNurius1986,
	author = {Markus, Hazel  and  Nurius, Paula Goodstein},
	journal = {Possible selves. American psychologist},
	number = {9},
	pages = {954–969},
	title = {\biberror{no title}},
	volume = {41},
	year = {1986}
}

@article{Magen1998,
	author = {Magen, Harriet S.},
	journal = {Journal of Phonetics},
	number = {4},
	pages = {381–400},
	title = {The perception of foreign-accented speech},
	volume = {26},
	year = {1998}
}

@article{MacIntyreEtAl1994,
	author = {MacIntyre, Peter D.  and  Gardner, Robert C.  and  Richmond, Ian},
	journal = {Language Learning},
	number = {June},
	pages = {283–300},
	sortname = {MacIntyre, Peter D.  and  Gardner, Robert C.  and  Richmond, Ian},
	title = {The subtle effects of language anxiety on cognitive processing in the second language},
	volume = {44},
	year = {1994}
}

@article{MacIntyre1EtAl998,
	author = {MacIntyre, Peter D.  and  Dörnyei, Zoltán  and  Clément, Richard  and  Noels, Kimberly A.},
	journal = {The Modern Language Journal},
	number = {4},
	pages = {545--562},
	sortname = {MacIntyre, Peter D.  and  Dornyei, Zoltan  and  Clement, Richard  and  Noels, Kimberly A.},
	title = {Conceptualizing willingness to communicate in a L2: {{A}} situational model of L2 confidence and affiliation},
	volume = {82},
	year = {1998}
}

@article{López-Serrano2010,
	author = {López-Serrano, Sonia},
	journal = {Porta Linguarum},
	pages = {149–163},
	sortname = {Lopez-Serrano, Sonia},
	title = {Learning languages in study abroad and at home contexts: {{A}} critical review of comparative studies},
	volume = {13},
	year = {2010}
}

@article{Lysgaard1955,
	author = {Lysgaard, Sverre},
	journal = {International Social Science Bulletin},
	pages = {45--51},
	title = {Adjustment in a foreign society: {{N}}orwegian Fulbright grantees visiting the {United States}},
	volume = {7},
	year = {1955}
}

@article{Lybeck2002,
	author = {Lybeck, Karen},
	journal = {The Modern Language Journal},
	pages = {174--91},
	title = {Cultural identification and second language pronunciation of {Americans} in {{Norway}}},
	volume = {86},
	year = {2002}
}

@article{LuegLueg2015,
	author = {Lueg, Klarissa  and  Lueg, Ranier},
	journal = {Academy of Management Learning \& Education},
	number = {1},
	pages = {5--30},
	title = {Why do students choose {{{English}}} as a medium of instruction? {{A}} {Bourdieusian} perspective on the study strategies of non-native {{{English}}} speakers},
	volume = {14},
	year = {2015}
}

@article{LowensteinNittrouer2008,
	author = {Lowenstein, Joanna H.  and  Nittrouer, Susan},
	journal = {The Journal of the Acoustical Society of America},
	note = {. http://doi.org/10.1121/1.2945118},
	number = {2},
	pages = {1180–1191},
	sortname = {Lowenstein, Joanna H.  and  Nittrouer, Susan},
	title = {Patterns of acquisition of native voice onset time in {{English}}-learning children},
	volume = {124},
	year = {2008}
}

@article{Long1990,
	author = {Long, Michael},
	journal = {Studies in Second Language Acquisition},
	number = {3},
	pages = {251–285},
	title = {Maturational constraints on language development},
	volume = {12},
	year = {1990}
}

@article{LlanesMuñoz2012,
	author = {Llanes, Àngels  and  Muñoz, Carmen},
	journal = {Language Learning},
	number = {1},
	pages = {1--28},
	sortname = {Llanes, Angels  and  Munoz, Carmen},
	title = {Age effects in a study abroad context: {{C}}hildren and adults studying abroad and at home},
	volume = {64},
	year = {2012}
}

@article{LlanesMuñoz2009,
	author = {Llanes, Àngels.  and  Muñoz, Carmen},
	journal = {A short stay abroad: Does it make a difference? System},
	number = {3},
	pages = {353–365},
	sortname = {Llanes, Angels.  and  Munoz, Carmen},
	title = {\biberror{no title}},
	volume = {37},
	year = {2009}
}

@article{Llanes2012,
	author = {Llanes, Àngels},
	journal = {System},
	pages = {179--190},
	sortname = {Llanes, Angels},
	title = {The short and long-term effect of a short study abroad experience},
	volume = {40},
	year = {2012}
}

@article{Liu2016,
	author = {Liu, Binmei},
	journal = {Applied Linguistics Review},
	number = {1},
	pages = {73--98},
	title = {Effect of L2 exposure: {{F}}rom a perspective of discourse markers},
	volume = {7},
	year = {2016}
}

@article{Liu2013,
	author = {Liu, Binmei},
	journal = {Journal of Pragmatics},
	pages = {149--172},
	title = {Effect of first language on the use of {{{English}}} discourse markers by L1 {Chinese} speakers of {{{English}}}},
	volume = {45},
	year = {2013}
}

@article{Levis2005,
	author = {Levis, John M.},
	journal = {TESOL Quarterly},
	pages = {369--377},
	sortname = {Levis, John M.},
	title = {Changing contexts and shifting paradigms in pronunciation teaching},
	volume = {39},
	year = {2005}
}

@article{Lazaruk2007,
	author = {Lazaruk, Walter Andrew},
	journal = {Canadian Journal of Education / Revue canadienne de l’éducation},
	number = {5},
	pages = {629–654},
	title = {Avantages linguistiques, scolaires et cognitifs de l’immersion française},
	volume = {63},
	year = {2007}
}

@article{Larsen-Freeman1978,
	author = {Larsen-Freeman, Diane},
	journal = {TESOL Quarterly},
	number = {4},
	pages = {439–448},
	title = {An {{ES}L} Index of Development},
	volume = {12},
	year = {1978}
}

@article{KuteevaAirey2014,
	author = {Kuteeva, Maria  and  Airey, John},
	journal = { Higher Education},
	number = {5},
	pages = {533--549},
	title = {Disciplinary differences in the use of {{English}} in higher education: {{R}}eflections on recent language policy developments},
	volume = {67},
	year = {2014}
}

@article{Kinginger2013,
	author = {Kinginger, Celeste},
	journal = {Identity and language learning in study abroad. Foreign Language Annals},
	number = {3},
	pages = {339–358},
	title = {\biberror{no title}},
	volume = {46},
	year = {2013}
}

@article{KimKim2014,
	author = {Kim, Tae-Young  and  Kim, Yoon-Kyoung},
	journal = {System},
	pages = {14–27},
	title = {A structural model for perceptual learning styles, the ideal l2 self, motivated behavior, and {{English}} proficiency},
	volume = {46},
	year = {2014}
}

@article{Kim2009,
	author = {Kim, Tae-Young},
	journal = {{English} Teaching},
	number = {3},
	pages = {49–70},
	title = {The dynamics of L2 self and L2 learning motivation : {{A}} qualitative case study of {Korean} {ESL} students},
	volume = {64},
	year = {2009}
}

@article{KennedyTrofimovich2008,
	author = {Kennedy, Sara  and  Trofimovich, Pavel},
	journal = {Canadian Modern Language Review},
	pages = {459–489},
	title = {Intelligibility, comprehensibility, and accentedness of {L2} speech: {{T}}he role of listener experience and semantic context},
	volume = {64},
	year = {2008}
}

@article{KeCahyani2014,
	author = {Ke, I-Chung  and  Cahyani, Hilda},
	journal = {System },
	pages = {28–38},
	title = {Learning to become users of {English} as a Lingua Franca (ELF): How ELF online communication affects Taiwanese learners' beliefs of {English}},
	volume = {46},
	year = {2014}
}

@article{KaypakOrtaçtepe2014,
	author = {Kaypak, Eda  and  Ortaçtepe, Deniz},
	journal = {System },
	pages = {355–367},
	sortname = {Kaypak, Eda  and  Ortactepe, Deniz},
	title = {Language learner beliefs and study abroad: A study on {English} as a lingua franca (ELF)},
	volume = {42},
	year = {2014}
}

@article{JiangEtAl2009,
	author = {Jiang, Mei  and  Green, Raymond J.  and  Henley, Tracy B.  and  Masten, William G.},
	journal = {Journal of Multilingual and Multicultural Development},
	number = {6},
	pages = {481--492},
	sortname = {Jiang, Mei  and  Green, Raymond J.  and  Henley, Tracy B.  and  Masten, William G.},
	title = {Acculturation in relation to the acquisition of a second language},
	volume = {30},
	year = {2009}
}

@article{JenkinsEtAl2011,
	author = {Jenkins, Jennifer  and  Cogo, Alessia  and  Dewey, Martin},
	journal = {Language Teaching},
	number = {3},
	pages = {281–315},
	title = {Review of developments in research into {{English}} as a lingua franca},
	volume = {44},
	year = {2011}
}

@article{Jenkins2011,
	author = {Jenkins, Jennifer},
	journal = {Journal of Pragmatics },
	number = {4},
	pages = {926–936},
	title = {Accommodating (to) {ELF} in the international university},
	volume = {43},
	year = {2011}
}

@article{Jackson2008a,
	author = {Jackson, Jane},
	journal = {International Journal of Intercultural Relations},
	number = {4},
	pages = {349--358},
	title = {Globalization, internationalization, and short-term stays abroad},
	volume = {32},
	year = {2008}
}
 

@article{IslamEtAl2013,
	author = {Islam, Muhammad  and  Lamb, Martin  and  Chambers, Gary},
	journal = {System },
	number = {2},
	pages = {231–244},
	title = {The {L2} motivational self-system and national interest: {{A}} {Pakistani} perspective},
	volume = {41},
	year = {2013}
}

@article{IsaacsTrofimovich2012,
	author = {Isaacs, Talia  and  Trofimovich, Pavel},
	journal = {Studies in Second Language Acquisition},
	pages = {475--505},
	title = {“Deconstructing” comprehensibility: {{I}}dentifying the linguistic influences on listeners’ {L2} comprehensibility ratings},
	volume = {34},
	year = {2012}
}

@article{IoninZyzik2014,
	author = {Ionin, Tania  and  Zyzik, Eve},
	journal = {Annual Review of Applied Linguistics},
	pages = {1--28},
	title = {Judgment and interpretation tasks in second language research},
	volume = {34},
	year = {2014}
}

@article{Hunt2011,
	author = {Hunt, Marylin},
	journal = {Educational Review},
	number = {3},
	pages = {365–378},
	title = {Learner’s perceptions of their experiences of learning subject content through a foreign language},
	volume = {63},
	year = {2011}
}

@article{Hunt1965,
	author = {Hunt, Kellog W.},
	journal = {The {English} Journal},
	number = {4},
	pages = {300--309},
	title = {A synopsis of clause-to-sentence length factors},
	volume = {54},
	year = {1965}
}

@article{HorwitzEtAl1986,
	author = {Horwitz, Elanine K.  and  Horwitz, Michael B.   and  Cope, Joann},
	journal = {The Modern Language Journal},
	number = {2},
	pages = {125–132},
	sortname = {Horwitz, Elanine K.  and  Horwitz, Michael B.   and  Cope, Joann},
	title = {Foreign language classroom anxiety},
	volume = {70},
	year = {1986}
}

@article{Hinkel1997,
	author = {Hinkel, Eli},
	journal = {Applied linguistics},
	number = {1},
	pages = {1--26},
	title = {Appropriateness of advice: {{DCT}} and multiple choice data},
	volume = {18},
	year = {1997}
}

@article{Hernández2010,
	author = {Hernández, Todd A.},
	journal = {Foreign Language Annals},
	number = {4},
	pages = {650–670},
	sortname = {Hernandez, Todd A.},
	title = {Promoting speaking proficiency through motivation and interaction: {{T}}he study abroad and classroom learning contexts},
	volume = {43},
	year = {2010}
}

@article{HendricksonEtAl2011,
	author = {Hendrickson Blake  and  Rosen, Devan  and  Aune, R. Kelly},
	journal = {International Journal of Intercultural Relations},
	number = {3},
	pages = {281--295},
	sortname = {Hendrickson Blake  and  Rosen, Devan  and  Aune, R. Kelly},
	title = {An analysis of friendship networks, social connectedness, homesickness, and satisfaction levels of international students},
	volume = {35},
	year = {2011}
}

@article{Hayes-HarbWatzinger-Tharp2012,
	author = {Hayes-Harb, Rachel  and  Watzinger-Tharp, Johanna},
	journal = {Foreign Language Annals},
	pages = {260--282},
	title = {Accent, intelligibility, and the role of the listener: {{P}}erceptions of {{{English}}}-accented {German} by native {German} speakers},
	volume = {45},
	year = {2012}
}

@article{Harley1992,
	author = {Harley, Birgit},
	journal = {French Language Studies},
	number = {2},
	pages = {159–183},
	title = {Patterns of second language development in {{French}} immersion},
	volume = {2},
	year = {1992}
}

@article{Harklau2002,
	author = {Harklau, Linda},
	journal = {Journal of Second Language Writing},
	number = {4},
	pages = {329–350},
	title = {The role of writing in classroom second language acquisition},
	volume = {11},
	year = {2002}
}

@article{GullahornGullahorn1963,
	author = {Gullahorn, John T.  and  Gullahorn, Jeanne E.},
	journal = {Journal of Social Issues},
	pages = {33--47},
	sortname = {Gullahorn, John T.  and  Gullahorn, Jeanne E.},
	title = {An extension of the {U}-curve hypothesis},
	volume = {19},
	year = {1963}
}

@article{Guerrero2015,
	author = {Guerrero, Mario},
	journal = {Motivation in second language learning: A historical overview and its relevance in a public high school in Pasto, Colombia. HOW},
	number = {1},
	pages = {95–106},
	title = {\biberror{no title}},
	volume = {22},
	year = {2015}
}

@article{GregersenHorwitz2002,
	author = {Gregersen, Tammy  and  Horwitz, Elaine K.},
	journal = {The Modern Language Journal},
	number = {4},
	pages = {562–570},
	title = {Language learning and perfectionism: {{A}}nxious and non-anxious language learners’ reactions to their own oral performance},
	volume = {86},
	year = {2002}
}

@article{GermainEtAl2004,
	author = {Germain, Claude, Joan Netten  and  Serge Séguin},
	journal = {The Canadian Modern Language Review},
	number = {3},
	pages = {333--353},
	sortname = {Germain, Claude, Joan Netten  and  Serge Seguin},
	title = {L'évaluation de la production écrite en français intensif: {{C}}ritères et resultats},
	volume = {60},
	year = {2004}
}

@article{Gené-GilEtAl2015,
	author = {Gené-Gil, Maria  and  Juan-Garau, Maria  and  Salazar-Noguera, Joana},
	journal = {The Language Learning Journal},
	number = {3},
	pages = {286–303},
	sortname = {Gene-Gil, Maria  and  Juan-Garau, Maria  and  Salazar-Noguera, Joana},
	title = {Development of {{EFL}} writing over three years in secondary education: {CLIL} and non-CLIL settings},
	volume = {43},
	year = {2015}
}

@article{GenseseeStanley1976,
	author = {Gensesee, Fred  and  M. H. Stanley},
	journal = {Canadian Journal of Education/ Revue canadienne de l’éducation},
	number = {3},
	pages = {1--17},
	sortname = {Gensesee, Fred  and  M. H. Stanley},
	title = {The Development of {{{English}}} Writing Skills in French immersion School Programs},
	volume = {1},
	year = {1976}
}

@article{Genesee1978,
	author = {Genesee, Fred},
	journal = {Interchange},
	number = {4},
	pages = {20–29},
	title = {Scholastic effects of {{French}} immersion: {{A}}n overview after ten years},
	volume = {9},
	year = {1978}
}

@article{GassVaronis1984,
	author = {Gass, Susan  and  Varonis, Evangeline},
	journal = {Language Learning},
	pages = {65–89},
	title = {The effect of familiarity on the comprehensibility of nonnative speech},
	volume = {34},
	year = {1984}
}

@article{GardnerLambert1959,
	author = {Gardner, Robert C.  and  Lambert, Wallace E.},
	journal = {Canadian Journal of Psychology/Revue canadienne de psychologie},
	number = {4},
	pages = {266–272},
	sortname = {Gardner, Robert C.  and  Lambert, Wallace E.},
	title = {Motivational variables in second-language acquisition},
	volume = {13},
	year = {1959}
}

@article{GardnerEtAl1983,
	author = {Gardner, Richard C.  and  Lalonde, Richard N.  and  Pierson, Robert},
	journal = {Journal of Language and Social Psychology},
	pages = {1--15},
	sortname = {Gardner, Richard C.  and  Lalonde, Richard N.  and  Pierson, Robert},
	title = {The socio-educational model of second language acquisition: {{A}}n investigation using {{LISREL}} causal modeling},
	volume = {2},
	year = {1983}
}

@article{García1989,
	author = {García, Carmen},
	journal = {Linguistics and Education},
	pages = {299--322},
	sortname = {Garcia, Carmen},
	title = {Disagreeing and requesting by Americans and Venezuelans},
	volume = {1},
	year = {1989}
}

@article{Félix-Brasdefer2004,
	author = {Félix-Brasdefer, J. César},
	journal = {Language Learning},
	number = {4},
	pages = {587--653},
	sortname = {Felix-Brasdefer, J. Cesar},
	title = {Interlanguage refusals: {{L}}inguistic politeness and length of residence in the target community},
	volume = {54},
	year = {2004}
}

@article{FungCarter2007,
	author = {Fung, Loretta  and  Carter, Ronald},
	journal = {Applied linguistics},
	number = {3},
	pages = {410--439},
	title = {Discourse markers and spoken {{English}}: {{N}}ative and learner use in pedagogic settings},
	volume = {28},
	year = {2007}
}

@article{FreedEtAl2004,
	author = {Freed, Barbara.  and  Dewey, Dan P.  and  Segalowitz, Norman  and  Halter, Randall},
	journal = {Studies in Second Language Acquisition},
	number = {2},
	pages = {349–356},
	sortname = {Freed, Barbara.  and  Dewey, Dan P.  and  Segalowitz, Norman  and  Halter, Randall},
	title = {The language contact profile},
	volume = {26},
	year = {2004}
}

@article{FooteEtAl2011,
	author = {Foote, Jennifer Ann  and  Holtby, Amy K.  and  Derwing, Tracey M.},
	journal = {TESL Canada Journal},
	number = {1},
	pages = {1–22},
	sortname = {Foote, Jennifer Ann  and  Holtby, Amy K.  and  Derwing, Tracey M.},
	title = {Survey of pronunciation teaching in adult {ESL} programs in {Canada}, 2010},
	volume = {29},
	year = {2011}
}

@article{FlowerdewMiller1992,
	author = {Flowerdew, John  and  Miller, Lindsay},
	journal = {RELC Journal},
	pages = {60–80},
	title = {Student perceptions, problems and strategies in second language lecture comprehension},
	volume = {23},
	year = {1992}
}

@article{FlegeLiu2001,
	author = {Flege, James E.  and  Liu, Serena},
	journal = {Studies in Second Language Acquisition},
	number = {4},
	pages = {527-–52},
	sortname = {Flege, James E.  and  Liu, Serena},
	title = {The effect of experience on adults' acquisition of a second language},
	volume = {23},
	year = {2001}
}

@article{FlegeFrieda1997,
	author = {Flege, James Emil.  and  Frieda, Elaina M.},
	journal = {Journal of Phonetics},
	pages = {169–186},
	sortname = {Flege, James Emil.  and  Frieda, Elaina M.},
	title = {Amount of native-language (L1) use affects the pronunciation of an L2},
	volume = {25},
	year = {1997}
}

@article{FlegeFletcher1992,
	author = {Flege, James  E.  and  Fletcher, Kathryn L.},
	journal = {Journal of the Acoustical Society of America},
	number = {1},
	pages = {370–389},
	sortname = {Flege, James  E.  and  Fletcher, Kathryn L.},
	title = {Talker and listener effects on degree of perceived foreign accent},
	volume = {91},
	year = {1992}
}

@article{FlegeEtAl1998,
	author = {Flege, James Emil  and  Frieda, Elaina M.  and  Walley, Amandas C.  and  Randazza, Lauren A.},
	journal = {Studies in Second Language Acquisition},
	number = {2},
	pages = {155–187},
	sortname = {Flege, James Emil  and  Frieda, Elaina M.  and  Walley, Amandas C.  and  Randazza, Lauren A.},
	title = {Lexical factors and segmental accuracy in second language speech production},
	volume = {20},
	year = {1998}
}

@article{FlegeEtAl1997,
	author = {Flege, James E.  and  Frieda, Elaina M.  and  Nozawa, Takeshi},
	journal = {Journal of Phonetics},
	number = {2},
	pages = {169–186},
	sortname = {Flege, James E.  and  Frieda, Elaina M.  and  Nozawa, Takeshi},
	title = {Amount of native-language (L1) use affects the pronunciation of an L2},
	volume = {25},
	year = {1997}
}

@article{FlegeEtAl1995,
	author = {Flege, James  E.  and  Munro, Murray J.  and  Mackay, Ian R. A.},
	journal = {Speech Communication},
	number = {1},
	pages = {1–26},
	sortname = {Flege, James  E.  and  Munro, Murray J.  and  Mackay, Ian R. A.},
	title = {Effects of age of second-language learning on the production of {{English}} consonants},
	volume = {16},
	year = {1995}
}

@article{Flege1988,
	author = {Flege, James E.},
	journal = {Journal of the Acoustical Society of America},
	number = {1},
	pages = {70–79},
	sortname = {Flege, James E.},
	title = {Factors affecting degree of perceived foreign accent in {{English}} sentences},
	volume = {84},
	year = {1988}
}

@article{Flege1987,
	author = {Flege, James Emil},
	journal = {Journal of Phonetics},
	pages = {47–65},
	title = {The production of 'new' and 'similar' phones in a foreign language: {{E}}vidence for the effect of equivalent classification},
	volume = {15},
	year = {1987}
}

@article{FisherEvans2000,
	author = {Fisher, Linda  and  Evans, Michael},
	journal = {Language Learning Journal},
	pages = {11--16},
	title = {The school exchange visit: {{{{E}}}}ffects on attitudes and proficiency in language learning},
	volume = {22},
	year = {2000}
}

@article{FaloutMaruyama2004,
	author = {Falout, Joseph  and  Maruyama, Mika},
	journal = {The Language Teacher},
	number = {8},
	pages = {3–9},
	title = {A comparative study of proficiency and learner demotivation},
	volume = {28},
	year = {2004}
}

@article{EslamiAhn2014,
	author = {Eslami, Zohreh Rasekh  and  Ahn, Soo-Jin},
	journal = {Applied Research on {English} Language},
	number = {1},
	pages = {9--28},
	title = {Motivation, amount of interaction, length of residence, and {{ES}L} learners’ pragmatic competence},
	volume = {3},
	year = {2014}
}

@article{Ellis2010,
	author = {Ellis, Rod},
	journal = {Language Teaching},
	pages = {182--201},
	title = {Second language acquisition, teacher education and language pedagogy},
	volume = {43},
	year = {2010}
}

@article{Eddy-U2015,
	author = {Eddy-U, Mary},
	journal = {System},
	pages = {43–55},
	title = {Motivation for participation or non-participation in group tasks: {{A}} dynamic systems model of task-situated willingness to communicate},
	volume = {50},
	year = {2015}
}

@article{DörnyeiOtto1998,
	author = {Dörnyei, Zoltán  and  Ottó, Istvan},
	journal = {Working Papers in Applied Linguistics},
	pages = {43--69},
	sortname = {Dornyei, Zoltan  and  Otto, Istvan},
	title = {Motivation in action: {{A}} process model of L2 motivation},
	volume = {4},
	year = {1998}
}

@article{Díaz-Campos2004,
	author = {Díaz-Campos, Manuel},
	journal = {Studies in Second Language Acquisition},
	pages = {249–273},
	sortname = {Diaz-Campos, Manuel},
	title = {Context of learning in the acquisition of {Spanish} second language phonology},
	volume = {26},
	year = {2004}
} 

@article{Doiz2014,
	author = {Doiz, Aintzane and Lasagabaster, David and Sierra, \biberror{J.} M.},
	journal = {Journal of Multilingual and Multicultural Development},
	number = {4},
	pages = {345--360},
	sortname = {Doiz, Aintzane and Lasagabaster, David and Sierra, \biberror{J.} M.},
	title = {Language friction and multilingual policies in higher education: {{T}}he stakeholders' view},
	volume = {35},
	year = {2014}
}
 

@article{DerwingMunro2013,
	author = {Derwing, Tracey M.  and  Munro, Murray J.},
	journal = {Language Learning},
	number = {2},
	pages = {163--185},
	sortname = {Derwing, Tracey M.  and  Munro, Murray J.},
	title = {The development of {L2} oral language skills in two {L1} groups: {{A}} 7-year study},
	volume = {63},
	year = {2013}
}

@article{DerwingMunro1997,
	author = {Derwing, Tracey M.  and  Munro, Murray J.},
	journal = {Studies in Second Language Acquisition},
	pages = {1--16},
	sortname = {Derwing, Tracey M.  and  Munro, Murray J.},
	title = {Accent, intelligibility, and comprehensibility: {{{{E}}}}vidence from four {L1s}},
	volume = {\biberror{19}},
	year = {1997}
}

@article{DerwingMunro1997,
	author = {Derwing, Tracey M.  and  Munro, Murray J.},
	journal = {Studies in Second Language Acquisition},
	number = {1},
	pages = {1–16},
	sortname = {Derwing, Tracey M.  and  Munro, Murray J.},
	title = {Accent, intelligibility, and comprehensibility: {{E}}vidence from four {L1s}},
	volume = {\biberror{20}},
	year = {1997}
}

@article{DerwingEtAl1998,
	author = {Derwing, Tracey M. and Munro, Murray J.  and  Wiebe, Grace},
	journal = {Language Learning},
	pages = {393--410},
	sortname = {Derwing, Tracey M. and Munro, Murray J.  and  Wiebe, Grace},
	title = {Evidence in favor of a broad framework for pronunciation instruction},
	volume = {48},
	year = {1998}
}

@article{Deardorff2006,
	author = {Deardorff, Darla K.},
	journal = {Journal of Studies in Intercultural Education},
	number = {3},
	pages = {241--266},
	title = {Identification and assessment of intercultural competence as a student outcome of internationalization},
	volume = {10},
	year = {2006}
}

@article{DayShapson1988,
	author = {Day, Elaine M.  and  Stan Shapson},
	journal = {Canadian Journal of Education / Revue canadienne de l’éducation},
	number = {2},
	pages = {290–305},
	sortname = {Day, Elaine M.  and  Stan Shapson},
	title = {A Comparison Study of Early and Late {{French}} Immersion Programs in {British Columbia}},
	volume = {13},
	year = {1988}
}

@article{DafouzNúñez2010,
	author = {Dafouz Milne, Emma  and  Nuñez Perucha, Begoña},
	journal = {Language use and language learning in {CLIL} Classrooms},
	pages = {213–231},
	sortname = {Dafouz Milne, Emma  and  Nunez Perucha, Begona},
	title = {Metadiscursive devices in university lectures: {{A}} contrastive analysis of {L1} and {L2} teacher performance},
	volume = {7},
	year = {2010}
}

@article{Coyle2013,
	author = {Coyle, Do},
	journal = {International Journal of Bilingual Education \& Bilingualism},
	number = {3},
	pages = {244–266},
	title = {Listening to learners: {{A}}n investigation into “successful learning” across {{{CLIL}}} contexts},
	volume = {16},
	year = {2013}
}

@article{Coyle2007,
	author = {Coyle, Do},
	journal = {International Journal of Bilingual Education and Bilingualism},
	number = {5},
	pages = {543–562},
	title = {Content and language integrated learning: {{T}}owards a connected research agenda for {{{CLIL}}} pedagogies},
	volume = {10},
	year = {2007}
}

@article{Costa2012,
	author = {Costa, Francesca},
	journal = {AILA Review},
	pages = {30--47},
	title = {Focus on form in {{ICLH}{{E}}} lectures in Italy: {{{{E}}}}vidence from {{E}}nglish-medium science lectures by native speakers of Italian},
	volume = {25},
	year = {2012}
}

@article{Coonan2007,
	author = {Coonan, Carmel},
	journal = {International Journal of Bilingual Education and Bilingualism},
	pages = {625–646},
	title = {Insider views of the {{{CLIL}}} class through teacher self-observation–introspection},
	volume = {10},
	year = {2007}
}

@article{CollinsWhite2011,
	author = {Collins, Laura  and  Joanna White},
	journal = {TESOL Quarterly: A Journal for Teachers of {English} to Speakers of Other Languages and of Standard {English} as a Second Dialect},
	number = {1},
	pages = {106–133},
	title = {An Intensive Look at Intensity and Language Learning},
	volume = {45},
	year = {2011}
}

@article{CollentineEtAl2004,
	author = {Collentine, Joseph G.  and  Freed, Barbara F.},
	journal = {Learning context and its effects on second language acquisition: Introduction. Studies in second language acquisition },
	number = {02},
	pages = {153–171},
	sortname = {Collentine, Joseph G.  and  Freed, Barbara F.},
	title = {\biberror{no title}},
	volume = {26},
	year = {2004}
}

@article{Collentine2004,
	author = {Collentine, Joseph},
	journal = {Studies in Second Language Acquisition},
	number = {2},
	pages = {227–248},
	title = {The effects of learning contexts on morphosyntactic and lexical development},
	volume = {26},
	year = {2004}
}

@article{ColemanChafer2010,
	author = {Coleman, James  and  Chafer, Tony},
	journal = {Frontiers: The interdisciplinary journal of study abroad},
	pages = {151--167},
	title = {Study abroad and the internet: {{P}}hysical and virtual context in an era of expanding telecommunications},
	volume = {29},
	year = {2010}
}

@article{Coleman2006,
	author = {Coleman, Jim},
	journal = {Language teaching},
	number = {1},
	pages = {1--14},
	title = {{{English}}-medium teaching in {European} higher education},
	volume = {39},
	year = {2006}
}
  
@article{Coleman1998,
	author = {Coleman, James A.},
	journal = {Frontiers: The interdisciplinary journal of study abroad },
	number = {2},
	pages = {167–203},
	title = {Language learning and study abroad: {{T}}he {European} perspective},
	volume = {4},
	year = {1998}
}
 

@article{ChoLadefoged1999,
	author = {Cho, Taehong  and  Ladefoged, Peter},
	journal = {Journal of Phonetics},
	pages = {207–229},
	title = {Variation and universals in {VOT}: {{E}}vidence from 18 languages},
	volume = {27},
	year = {1999}
}

@article{CenozEtAl2014,
	author = {Cenoz, Jasone and Genesee, Fred and Gorter, Durk},
	journal = {Applied Linguistics},
	number = {3},
	pages = {243–262},
	title = {Critical analysis of {{{CLIL}}}: {{T}}aking stock and looking forward},
	volume = {35},
	year = {2014}
}

@article{CelenkVanDeVijver2011,
	author = {Celenk, Ozgur  and  Van de Vijver, Fons J. R.},
	journal = {Online Readings in Psychology and Culture},
	number = {1},
	pages = {3--22},
	sortname = {Celenk, Ozgur  and  Van de Vijver, Fons J. R.},
	title = {Assessment of acculturation: {{I}}ssues and overview of measures},
	volume = {8},
	year = {2011}
}

@article{Cañado2010,
	author = {Cañado, María Luisa Pérez},
	journal = {Higher Education Quarterly},
	number = {4},
	pages = {392–412},
	sortname = {Canado, Maria Luisa Perez},
	title = {Globalisation in foreign language teaching: {{{E}}}stablishing transatlantic links in higher education},
	volume = {64},
	year = {2010}
}

@article{BultéHousen2014,
	author = {Bulté, Bram  and  Alex Housen},
	journal = {Journal of Second Language Writing},
	pages = {42–65},
	sortname = {Bulte, Bram  and  Alex Housen},
	title = {Conceptualizing and measuring short-term changes in L2 writing complexity},
	volume = {26},
	year = {2014}
}

@article{Bu2013,
	author = {Bu, Jiemin},
	journal = {Language Sciences },
	number = {1},
	pages = {393--427},
	title = {{{Swedish}} modal particles in a contrastive perspective},
	volume = {18},
	year = {1996}
}

@article{Bruton2013,
	author = {Bruton, Anthony},
	journal = {System},
	number = {3},
	pages = {587–597},
	title = {{{CLIL}}: {{S}}ome of the reasons why … and why not},
	volume = {41},
	year = {2013}
}

@article{Bournot-Trites2007,
	author = {Bournot-Trites, Monique},
	journal = {Canadian Journal of Applied Linguistics / Revue canadienne de linguistique appliquée},
	number = {1},
	pages = {7--23},
	title = {Qualité de l’écrit au niveau intermédiaire en immersion française : {{{{E}}}}ffet d’un programme intensif et hypothèse d’un effet de plateau},
	volume = {10},
	year = {2007}
}

@article{BonillaTejada2016,
	author = {Bonilla Carvajal, Camilo Andrés  and  Isabel Tejada-Sánchez},
	journal = {PROFILE Issues in Teachers’ Professional Development},
	number = {1},
	pages = {185--201},
	sortname = {Bonilla Carvajal, Camilo Andres  and  Isabel Tejada-Sanchez},
	title = {Unanswered questions in {{Colombia}}’s language education policy},
	volume = {18},
	year = {2016}
}

@article{BongaertsEtAl1997,
	author = {Bongaerts, Theo  and  van Summeren, Chantal  and  Planken, Brigitte  and  Schils, Erik},
	journal = {Studies in Second Language Acquisition},
	number = {4},
	pages = {447–465},
	title = {Age and ultimate attainment in the pronunciation of a foreign language},
	volume = {19},
	year = {1997}
}

@article{BloomKeleman1995,
	author = {Bloom, Paul  and  Keleman, Deborah},
	journal = {Cognition},
	pages = {1--30},
	title = {Syntactic cues in the acquisition of collective nouns},
	volume = {56},
	year = {1995}
}

@article{Berry1997,
	author = {Berry, John W.},
	journal = {Applied Psychology: An International Review},
	pages = {5--34},
	title = {Immigration, acculturation and adaptation},
	volume = {46},
	year = {1997}
}

@article{Bella2011,
	author = {Bella, Spyridoula},
	journal = {Journal of Pragmatics},
	pages = {1718–1740},
	title = {Mitigation and politeness in {{Greek}} invitation refusals: {{E}}ffects of length of residence in the target community and intensity of interaction on non-native speakers’ performance},
	volume = {43},
	year = {2011}
}

@article{BehrndPorzelt2012,
	author = {Behrnd, Verena  and  Porzelt, Susanne},
	journal = {International Journal of Intercultural Relations},
	pages = {213--223},
	title = {Intercultural competence and training outcomes of students with experiences abroad},
	volume = {36},
	year = {2012}
}

@article{BeebeGiles1984,
	author = {Beebe, Leslie M.  and  Giles, Howard},
	journal = {International Journal of the Sociology of Language},
	pages = {5--32},
	sortname = {Beebe, Leslie M.  and  Giles, Howard},
	title = {Speech accommodation theories: {{A}} discussion in terms of second language acquisition},
	volume = {46},
	year = {1984}
}

@article{BarnerSnedeker2005,
	author = {Barner, David  and  Snedeker, Jesse},
	journal = {Cognition},
	pages = {41--66},
	title = {Quantity judgments and individuation: {{E}}vidence that mass nouns count},
	volume = {97},
	year = {2005}
}

@article{Bardovi-HarligBastos2011,
	author = {Bardovi-Harlig, Kathleen  and  Bastos, Maria-Thereza},
	journal = {Intercultural Pragmatics},
	number = {3},
	pages = {347--384},
	title = {Proficiency, length of stay, and intensity of interaction, and the acquisition of conventional expressions in {L2} pragmatics},
	volume = {8},
	year = {2011}
}

@article{Bardovi-Harlig2015,
	author = {Bardovi-Harlig, Kathleen},
	journal = {System},
	pages = {21--34},
	title = {Operationalizing conversation in studies of instructional effect in {L2} pragmatics},
	volume = {48},
	year = {2015}
}

@article{Bardovi-Harlig1992,
	author = {Bardovi-Harlig, Kathleen},
	journal = {TESOL Quarterly},
	number = {2},
	pages = {390–395},
	title = {A Second Look at {T-Unit} Analysis: {{R}}econsidering the Sentence},
	volume = {26},
	year = {1992}
}

@article{BadstübnerEcke2009,
	author = {Badstübner, Tina  and  Ecke, Peter},
	journal = {UP},
	pages = {41--49},
	sortname = {Badstubner, Tina  and  Ecke, Peter},
	title = {Student expectations, motivations, target language use, and perceived learning progress in a summer Study Abroad program in {Germany}},
	volume = {42},
	number={1},
	year = {2009}
}

@article{AvelloEtAl2012,
	author = {Avello, Pilar.  and  Mora, Joan C.  and  Pérez-Vidal, Carmen},
	journal = {Research in Language},
	number = {1},
	pages = {63–78},
	sortname = {Avello, Pilar.  and  Mora, Joan C.  and  Perez-Vidal, Carmen},
	title = {Perception of {FA} by non-native listeners in a study abroad context},
	volume = {10},
	year = {2012}
}

@article{Archibald2005,
	author = {Archibald, John},
	journal = {The Canadian Journal of Linguistics},
	pages = {285–314},
	title = {Second language phonology as redeployment of L1 phonological knowledge},
	volume = {50},
	year = {2005}
}

@article{Anderson-HsiehEtAl1992,
	author = {Anderson-Hsieh, Janet  and  Johnson, Ruth  and  Kohler, Kenneth},
	journal = {Language Learning},
	number = {4},
	pages = {529–555},
	title = {The relationship between native speaker judgments of nonnative pronunciation and deviance in segmentals, prosody, and syllable structure},
	volume = {42},
	year = {1992}
}

@article{AlvesZimmer2015,
	author = {Alves, Ubiratã Kickhöfel  and  Zimmer, Márcia Cristina},
	journal = {Alfa: Revista de Linguística (São José do Rio Preto},
	number = {1},
	pages = {157–180},
	sortname = {Alves, Ubirata Kickhofel  and  Zimmer, Marcia Cristina},
	title = {Perception and production of {{English}} {VOT} patterns by Brazilian learners: {{T}}he role of multiple acoustic cues in a {DST} perspective},
	volume = {59},
	year = {2015}
}

@article{AllenHerron2003,
	author = {Allen, Heather W.  and  Herron, Carol},
	journal = {Foreign Language Annals},
	number = {3},
	pages = {370–385},
	sortname = {Allen, Heather W.  and  Herron, Carol},
	title = {A mixed-methodology investigation of the linguistic and affective outcomes of summer study abroad},
	volume = {36},
	year = {2003}
}

@article{Allen2010,
	author = {Allen, Heather Willis},
	journal = {Language-learning motivation during short-term study abroad: An activity theory perspective. Foreign Language Annals },
	number = {1},
	pages = {27–49},
	title = {\biberror{no title}},
	volume = {43},
	year = {2010}
}

@article{Alcón-Soler2014,
	author = {Alcón-Soler, Eva},
	journal = {System},
	pages = {62--74},
	sortname = {Alcon-Soler, Eva},
	title = {Pragmatic learning and study abroad: {{{E}}}ffects of instruction and length of stay},
	volume = {48},
	year = {2014}
}

@article{Airey2012,
	author = {Airey, John},
	journal = {AILA Review },
	pages = {64--79},
	title = {I don’t teach language. {T}he linguistic attitudes of physics lecturers in {{Sweden}}},
	volume = {25},
	year = {2012}
}

@article{AguilarRodríguez2012,
	author = {Aguilar, Marta  and  Rodríguez, Rosa},
	journal = {International Journal of Bilingual Education \& Bilingualism},
	number = {2},
	pages = {183–197},
	sortname = {Aguilar, Marta  and  Rodriguez, Rosa},
	title = {Lecturer and student perceptions on {{{CLIL}}} at a {{Spanish}} university},
	volume = {15},
	year = {2012}
}

@article{AbramsonLisker1964,
	author = {Abramson, Arthur S.  and  Lisker, Leigh},
	journal = {Word},
	pages = {384–422},
	sortname = {Abramson, Arthur S.  and  Lisker, Leigh},
	title = {A cross-language study of voicing in initial stops: {{A}}coustical measurements},
	volume = {20},
	year = {1964}
}