@book{langsci-current-book, author = {Carrie Dyck and Frances Froman and Alfred Keye and Lottie Keye}, title = {{A grammar and dictionary of Gayogo̱hó:nǫˀ (Cayuga)}}, year = {2024}, series = {Estudios de Lingüística Amerindia}, number = {1}, location = {Berlin}, publisher = {Language Science Press}, options = {dataonly=true} } 
