% Include entries that you actually cite. Do not copy here your whole bib-file.

@inproceedings{a06,
address = {Utrecht},
author = {Arsenijević, Boban},
booktitle = {Proceedings of the second Syntax {AiO} Meeting},
editor = {Jakub Dotlačil and Berit Gehrke},
publisher = {UiL OTS},
series = {UiL OTS Working Papers},
title = {Partitivity and reference},
year = {2006},
pages = {48--64},
}

@inproceedings{dkmp94,
author = {Dalrymple, Mary and Makoto Kanazawa and Sam Mchombo and Stanley Peters},
booktitle = {Proceedings of {SALT} 4},
pages = {61-78},
title = {What do reciprocals mean?},
editor = {Mandy Harvey and Lynn Santelmann},
publisher = {Linguistic Society of America},
address = {Washington, DC},
year = {1994},
doi = {10.3765/salt.v4i0.2466},
}

@incollection{d08,
address = {Berlin},
author = {Dimitriadis, Alexis},
booktitle = {Event structures in linguistic form and interpretation},
editor = {Johannes Dölling and Tatjana Heyde-Zybatow},
pages = {327-354},
publisher = {Mouton de Gruyter},
title = {The event structure of irreducibly symmetric reciprocals},
year = {2008},
doi = {10.1515/9783110925449.327},
}

@article{b01,
author = {Beck, Sigrid},
journal = {Natural Language Semantics},
pages = {69-138},
title = {Reciprocals are Definites},
volume = {9},
issue = {1},
year = {2001},
doi = {10.1023/A:1012203407127},
}



@incollection{h91,
address = {Berlin},
author = {Heim, Irene},
booktitle = {Semantics: {An} international handbook of contemporary  research},
editor = {Arnim von Stechow and Dieter Wunderlich},
pages = {487-535},
publisher = {Mouton De Gruyter},
title = {Artikel und {Definitheit}},
year = {1991},
doi = {10.1515/9783110126969.7.487},
}

@phdthesis{j07,
author = {Jabłonska, Patricja},
school = {University of Tromsø},
address = {Tromsø},
title = {Radical decomposition and argument structure},
year = {2007},
}

@article{m14,
author = {Miličević, Maja},
journal = {Primenjena lingvistika},
pages = {21-38},
title = {Leksička i gramatička recipročnost u srpskom jeziku},
volume = {15},
year = {2014},
}

@incollection{m16,
address = {Niš},
author = {Miličević, Maja},
booktitle = {Srpski jezik u savremenoj lingvističkoj teoriji},
editor = {Boban Arsenijević and Sabina Halupka-Reše\-tar},
pages = {177-194},
publisher = {Filozofski fakultet u Nišu},
title = {Između neakuzativnosti i neergativnosti: Povratno, uzajam\-no-povratno i autokauzativno\textit{se}},
year = {2016},
}

@unpublished{ma13,
author = {Mirić, Mirjana and Boban Arsenijević},
note = {Talk given at XPrag 2013, University of Utrecht, Sept. 4-6, 2013},
title = {The role of educational background in generating scalar implicatures},
year = {2013},
}

@incollection{n07,
address = {Amsterdam},
author = {Nedjalkov, Vladimir},
booktitle = {Typology of Reciprocal Constructions},
editor = {Nedjalkov, Vladimir},
pages = {3-114},
publisher = {John Benjamins},
title = {Overview of the research: {Definitions} of  terms, framework, and related issues},
year = {2007},
doi = {10.1075/tsl.71.06ned},
}

@book{i18,
address = {New York, NY},
author = {Ira Noveck},
publisher = {Cambridge University Press},
address = {Cambridge},
title = {Experimental Pragmatics: {The} Making of a Cognitive Science},
year = {2018},
doi = {10.1515/ip-2022-2006},
}

@incollection{p06,
author = {Percus, Orin},
booktitle = {Theoretical and Empirical Studies of Reference and Anaphora: {Toward} the Establishment of Generative Grammar as Empirical Science},
editor = {Ayumi Ueyama},
pages = {52-73},
publisher = {Japan Society for the Promotion of Science},
title = {Tokyo},
title = {Antipresuppositions},
year = {2006},
}

@article{s98,
author = {Sternefeld, Wolfgang},
journal = {Natural Language Semantics},
number = {3},
pages = {303-337},
title = {Reciprocity and Cumulative Predication},
volume = {6},
year = {1998},
doi = {10.1023/A:1008352502939},
}

@article{v10,
author = {Vicente, Luis},
note = {Handout from a talk given at the DGfS 2010 in Berlin},
title = {Indefinites and the expression of reciprocity},
year = {2010},
}

@incollection{z14,
address = {Berlin, Boston},
author = {Zimmermann, Ilse},
booktitle = {The nominal structure in {Slavic} and beyond},
editor = {Lilia Schürcks and Anastasia Giannakidou and Urtzi Etxeberria},
pages = {237-274},
publisher = {De Gruyter},
title = {Reciprocity expression},
year = {2014},
doi = {10.1515/9781614512790},
}

