@book{langsci-current-book, editor = {Barbara E. Bullock and Cinzia Russi and {Almeida Jacqueline} Toribio}, title = {{A half century of Romance linguistics}}, subtitle = {{Selected proceedings of the 50th Linguistic Symposium on Romance Languages}},year = {2023}, series = {Open Romance Linguistics}, number = {2}, location = {Berlin}, publisher = {Language Science Press}, options = {dataonly=true} } 
