@book{langsci-current-book, author = {Andrey Nikulin and Javier Carol}, title = {{Historical phonology of Mataguayan}}, year = {2024}, series = {Topics in Phonological Diversity}, number = {3}, location = {Berlin}, publisher = {Language Science Press}, options = {dataonly=true} } 
