@phdthesis{Courtney2014,
	title     = {Moving from primary to secondary education: {An} investigation into the effect of primary to secondary transition on motivation for language learning and foreign language proficiency},
	address = {Southampton, UK},
	school = {University of Southampton},
	author = {Courtney, Louise},
	year = {2014}
}

@report{Plowden1967,
  author    = {{Central Advisory Council for Education (England)}},
  title     = {Children and their Primary Schools},
  year      = {1967},
  url       = {http://www.educationengland.org.uk/documents/plowden/plowden1967-1.html},
}


@report{Holmes2014,
	author = {Holmes, Bernardette},
	institution = {British Academy},
	title = {Born Global, {A} Summary of Interim Findings},
	url = {https://www.thebritishacademy.ac.uk/documents/3255/Born-Global-Summary-of-InterimFindings-17-Oct-2014_cgyF7ST.pdf},
	year = {2014}
}

@report{DfE2013curriculum,
	author = {{Department for Education (DfE)}},
	shortauthor = {{DfE}},
	title = {National curriculum in {{England}}: {Languages} programmes of study, statutory guidance},
	url = {https://www.gov.uk/government/publications/national-curriculum-in-england-languages-progammes-of-study/national-curriculum-in-england-languages-progammes-of-study},
	year = {2013},
	type = {Statutory guidance},
}


@report{DfE2013key,
	author = {{Department for Education (DfE)}},
	shortauthor = {{DfE}},
	title = {Languages programmes of study: {{Key}} stage 2},
	url = {https://assets.publishing.service.gov.uk/government/uploads/system/uploads/attachment_data/file/239042/PRIMARY_national_curriculum_-_Languages.pdf},
	year = {2013}
}



@report{DfERt2012,
	url = {https://www.gov.uk/government/news/overwhelming-support-for-foreign-languages-plan},
	author = {{Department for Education} and {The Rt Hon Elizabeth Truss MP}},
	title = {Overwhelming support for foreign languages plan},
	year = {2012}
}

@report{ChalmersEtAl2021,
	author = {Chalmers, Hamish and Faitaki, Faidra and Murphy, Victoria A.},
	title = {Setting Research Priorities for {{English}} as an Additional Language: {What} do stakeholders want from {{EAL}} research?},
	url = {https://bit.ly/EALpspReport},
	year = {2021}
}

@report{Zefi2021,
	note = {Unpublished dissertation for the module SDQ018 \textit{Professionalism and Inclusive Practice}},
	author = {Zefi, Adelina},
	school = {London Metropolitan University},
	title = {An investigation into the attitudes of pupils, teaching staff and parents towards Modern Foreign Language {{Spanish}} learning in primary school},
	year = {2021}
}


@misc{Woodfield2021,
	note = {Online Talk hosted by CLIL Mondays, Learning through Languages UK, 12th April 2021.},
	author = {Woodfield, Judith},
	title = {Reflecting on 18 Years of {{CLIL}} implementation and research},
	year = {2021}
}



@misc{WadeEtAl2009,
	author = {Wade, Pauline and Marshall, Helen and O'Donnell, Sharon},
	title = {{{NFER}} Primary Modern Foreign Languages: {Longitudinal} Survey of Implementation of National Entitlement to Language Learning at {Key} Stage 2},
	url = {https://www.nfer.ac.uk/primary-modern-foreign-languages-longitudinal-survey-of-implementation-of-national-entitlement-to-language-learning-at-key-stage-2/},
	year = {2009},
}

@misc{UKParliamentnodate,
	author = {{UK Parliament}},
	title = {The {{EEC}} and the {Single} {{European}} {Act}},
	url = {https://www.parliament.uk/about/living-heritage/evolutionofparliament/legislativescrutiny/parliament-and-europe/overview/britain-and-eec-to-single-european-act/}
}

@report{TinsleyDoležal2018,
	author = {Tinsley, Teresa and Doležal, Neela},
	publisher = {British Council},
	title = {Language Trends 2018: {Language} teaching in primary and secondary schools in {{England}}},
	url = {https://www.britishcouncil.org/sites/default/files/language_trends_2018_report.pdf},
	year = {2020},
	note = {Survey report},
}

@report{NuffieldFoundation2000,
	author = {{The Nuffield Foundation}},
	title = {Languages: {{T}}he next generation: {The} final report and recommendations of the {The} {Nuffield} {Languages} {Inquiry}},
	year = {2000},
	url = {http://www.educationengland.org.uk/documents/hmi-curricmatters/modforlang.html},
	url = {https://www.nuffieldfoundation.org/wp-content/uploads/2019/11/languages_finalreport.pdf},
	address = {London},
	institution = {The Nuffield Foundation},
}


@misc{Tellier2018,
	author = {Tellier, Angela J.},
	title = {Transition, and children’s motivation for language learning},
	year = {2018},
	note = {RiPL Summary of Courtney, L. (2017) in Oxford Review of Education},
	url = {https://ripl.uk/courtney-l-2017/}
}

@article{SiegalEtAl2010,
	journal = {PLoS One},
	volume = {5},
	issue = {2},
	pages = {e9004},
	author = {Siegal, Michael and Surian, Luca and Matsuo, Ayumi and Geraci, Alessandra and Iozzi, Laura and Okumura, Yuko and Itakura, Shoji},
	title = {Bilingualism accentuates children’s conversational understanding},
	year = {2010},
	doi = {10.1371/journal.pone.0009004}
}





@article{SampedroPeña2019,
	author = {Sampedro, Agurne and Peña, Javier},
	doi = {10.1016/j.tsc.2019.100605},
	journal = {Thinking Skills and Creativity},
	pages = {100605},
	sortname = {Sampedro, Agurne and Pena, Javier},
	title = {Executive functions mediate the association between bilingualism and creativity in preadolescents},
	volume = {34},
	year = {2019}
}


@misc{RiPLnodate,
	author = {{Research in Primary Languages}},
	title = {Curriculum policy and curriculum models},
	url = {https://ripl.uk/curriculum-policy-and-curriculum-models/}
}

@misc{PorterMylesnodate,
	author = {Porter, Alison and Myles, Florence},
	title = {{Teaching} Languages in Primary Schools: {Putting} Research into Practice},
	url = {https://ripl.uk/mooc/},
	urldate = {2020-07-19},
	note = {MOOC}
}



@book{PintoEtAl1999,
	address = {Pisa},
	author = {Pinto, Maria Antoniette and Tilone, Renzo and Trusso, Francesca},
	publisher = {Istituti Editoriale Poligrafici Internazionali},
	title = {Metalinguistic awareness},
	year = {1999}
}






@article{OxleyDeCat2019,
	author = {Oxley, Emily and {De Cat}, Cécile},
	doi = {10.1080/09571736.2019.1597146},
	journal = {The Language Learning Journal},
	pages = {265--287},
	title = {A systematic review of language and literacy interventions in children and adolescents with {{English}} as an Additional Language},
	volume = {49},
	number = {3},
	year = {2019}
}



@report{Ofsted2021,
	author = {{Ofsted}},
	year = {2021},
	note = {Curriculum review series. Research and analysis},
	title = {{Research} review series: {Languages}},
	url = {https://www.gov.uk/government/publications/curriculum-research-review-series-languages/curriculum-research-review-series-languages#pillars-progression}
}



@misc{Northern2007,
	author = {{Northern Ireland Curriculum}},
	title = {Modern languages: {{K}}ey stage 3 non statutory guidance for modern languages},
	url = {https://ccea.org.uk/downloads/docs/ccea-asset/Curriculum/Key%20Stage%203%20Non-Statutory%20Guidance%20for%20Modern%20Languages.pdf},
	year = {2007},
}




@misc{MylesMitchell2021,
	author = {Myles, Florence and Mitchell, Rosamond},
	title = {The {{French}} {Learner} {Language} {Oral} {Corpora} project},
	url = {http://www.flloc.soton.ac.uk/index.html},
	year = {2021},
}

@misc{Myles2020,
	author = {Myles, Florence},
	note = {Content published online on the MOOC Teaching Languages in Primary Schools: Putting Research into Practice, week one},
	title = {Attitudes and Motivation Towards Learning {{French}} in Primary School},
	year = {2020},
}

@report{Morris2002,
	author = {Morris, Estelle},
	institution = {DfES},
	title = {14 to 19: {Extending} opportunities, raising standards},
	url = {http://www.educationengland.org.uk/documents/pdfs/2002-green-paper-14to19.pdf},
	year = {2002},
	type = {Green paper},
}



@book{MorganNeil2001,
	address = {London},
	author = {Morgan, Carol and Neil, Peter},
	publisher = {Routledge},
	title = {Teaching Modern Foreign Languages: {A} Handbook for Teachers},
	year = {2001},
}


@book{MitchellEtAl2019,
	author = {Mitchell, Rosamond and Myles, Florence and Marsden, Emma},
	publisher = {Routledge},
	title = {Second language learning theories},
	year = {2019},
	edition = {4},
	address = {London}
}

@article{Mcquillan2021,
	author = {Mcquillan, Martin},
	journal = {The New European},
	title = {Global {{Britain}}'s language barrier},
	url = {https://www.theneweuropean.co.uk/brexit-news-europe-news-brexit-languages-britain-7819232/},
	year = {2021},
}





@phdthesis{Jia2017,
	school = {University of Arizona},
	author = {Jia, Hongyi},
	title = {{Chinese} immersion language education},
	year = {2017}
}

@misc{Hwbnodate,
	author = {Hwb},
	title = {Languages, literacy and communication},
	url = {https://hwb.gov.wales/curriculum-for-wales/languages-literacy-and-communication/statements-of-what-matters/}
}

@misc{Holmes2020,
	author = {Holmes, Bernardette},
	title = {Preparing younger learners for life in post-{Brexit} {{Britain}}},
	url = {https://ripl.uk/?s=Brexit},
	year = {2020}
}




@book{Gombert1992,
	author = {Gombert, Jean Emile},
	publisher = {Harvester},
	title = {Metalinguistic development},
	year = {1992},
	address = {New York}
}




@Book{GathercoleBaddeley1996,
  author    = {Gathercole, Susan E. and Baddeley, Alan D.},
  publisher = {University of Bristol},
  title     = {Non-word memory test},
  year      = {1996},
  address   = {Bristol},
}

@report{Foreman-PeckWang2014,
	author = {Foreman-Peck, James and Wang, Yi},
	institution = {Cardiff Business School},
	title = {The Costs to the {{UK}} of Language Deficiencies as a Barrier to {{UK}} Engagement in Exporting: {A} Report to {{UK}} {Trade} \& {Investment}},
	year = {2014},
}

@book{EllisEtAl2009,
	author = {Ellis, Rod and Loewen, Shawn and Elder, Catherine and Erlam, Rosemary and Philp, Jenefer and Reinders, Hayo},
	publisher = {Multilingual Matters},
	title = {Implicit and explicit knowledge in second language learning, testing and teaching},
	year = {2009},
	address = {Bristol; Buffalo; Toronto},
	doi = {10.21832/9781847691767}
}


@misc{DfES1988,
	author = {{Department for Education and Skills (DfES)}},
	shortauthor = {{DfES}},
	title = {Modern Languages in the School Curriculum. {A} Statement of Policy},
	year = {1988},
}




@misc{DfEnodate,
	author = {{Department for Education (DfE)}},
	shortauthor = {{DfE}},
	title = {Curriculum Guidance Part 1: {Key} Stage 2 Framework for Languages 2005},
	url = {https://dera.ioe.ac.uk/5830/14/Framework%20for%20Languages%20-%20Part%201_Redacted.pdf}
}

@misc{DfE2014,
	author = {{Department for Education (DfE)}},
	shortauthor = {{DfE}},
	title = {Languages programmes of study key stage 2 National Curriculum in {{England}}},
	url = {https://assets.publishing.service.gov.uk/government/uploads/system/uploads/attachmentLanguages.pdf},
	year = {2014},
}

@misc{DfES2002,
	author = {{Department for Education and Skills (DfES)}},
	shortauthor = {{DfES}},
	title = {National Curriculum: {Modern} Foreign Languages Working Group Initial Advice},
	url = {http://www.educationengland.org.uk/documents/hmi-curricmatters/modforlang.html},
	year = {2002},
}

@misc{DfES1990,
	author = {{Department for Education and Skills (DfES)}},
	shortauthor = {{DfES}},
	title = {Languages for All: {Languages} for Life, {A} strategy for {{England}}},
	year = {1990},
}




@misc{DCSF2005,
	author = {{Department for Children, Schools and Families (DCSF)}},
	shortauthor = {{DCSF}},
	title = {{Key} Stage 2 Framework for Languages},
	url = {https://assets.publishing.service.gov.uk/government/uploads/system/uploads/attachmentLanguages.pdf},
	year = {2005},
}

@misc{Curriculumnodate,
	author = {{Curriculum for excellence Scotland}},
	title = {Curriculum for excellence: {{M}}odern languages experiences and outcomes},
	url = {https://www.education.gov.scot/Documents/modern-languages-eo.pdf}
}



@book{Costa2020,
	address = {New York},
	author = {Costa, Albert},
	title = {The bilingual brain, and what it tells us about the science of language},
	year = {2020},
	publisher = {Penguin Random House},
}



@misc{ConnellyEtAl2017,
	author = {Connelly, Paul and Briggart, Andy and Miller, Sarah and O’Hare, Liam and Thurston, Allen},
	publisher = {Sage},
	title = {Using randomised control trials in Education},
	year = {2017},
	doi = {10.4135/9781473920385},
	address = {London}
}




@book{Collen2020,
	author = {Collen, Ian},
	title = {Language Trends 2020: {Language} Teaching in primary and secondary schools in {{England}}},
	url = {https://www.britishcouncil.org/research-policy-insight/research-reports/language-trends-2020},
	year = {2020},
	publisher = {British Council}
}

@report{British2020,
	author = {{British Academy} and {The Academy of Medical Sciences} and {The Royal Academy of Engineering} and {The Royal Society}},
	title = {Languages in the {{UK}}: {A} call for action},
	year = {2020},
	url = {https://www.thebritishacademy.ac.uk/publications/languages-uk-academies-statement/}
}




@phdthesis{Barbosa1995,
	author = {Barbosa, Pilar},
	school = {Massachusetts Institute of Technology},
	title = {Null subjects},
	year = {1995}
}

@misc{APPG2019,
	author = {{APPG on Modern Languages Languages}},
	title = {National {Recovery} {Programme} for {Languages}},
	url = {https://nationalrecoverylanguages.weebly.com/},
	year = {2019}
}

@misc{Appg2015,
	url = {https://www.britishcouncil.org/sites/default/files/manifesto_for_languages.pdf},
	author = {{APPG on Modern Languages Languages}},
	title = {Manifesto for Languages},
	year = {2015}
}

@misc{ACTFL2021,
	author = {{ACTFL}},
	title = {Guiding Principles for Language Learning},
	url = {https://www.actfl.org/resources/guiding-principles-language-learning},
	year = {2021},
}

@inproceedings{Villa-Garcia2013,
	author = {Villa-García, Julio},
	booktitle = {Proceedings of the {Annual} {Meeting} of the {{Berkeley}} {Linguistics} {Society}},
	pages = {375--388},
	title = {On the role of children’s deterministic learning in the “no-overt-subject” stage in the {L1} acquisition of {{Spanish}}},
	volume = {37},
	year = {2013},
	doi = {10.3765/bls.v37i1.843}
}

@inproceedings{RuleMitchell2014,
	address = {New York},
	note = {Paper presented at Second Language Research Forum, New York, September 2016},
	author = {Rule, Sarah and Mitchell, Rosamond},
	title = {Learning vocabulary in the {L2} classroom: {The} effects of multimodal input on young learners},
	year = {2014}
}

@inproceedings{MitchellRule2016,
	address = {New York},
	note = {Paper presented at Second Language Research Forum, New York, USA},
	author = {Mitchell, Rosamond and Rule, Sarah},
	title = {Learning vocabulary in the {L2} classroom: {{I}}ndividual learner variables and {L2} engagement.},
	year = {2016}
}

@inproceedings{LubbersBlackwell2009,
	address = {Somerville, MA},
	pages = {117--130},
	author = {{Lubbers Quesada}, Margaret and Blackwell, Sarah E.},
	booktitle = {Selected {Proceedings} of the 11th {{Hispanic}} {Linguistics} {Symposium}},
	publisher = {Cascadilla Proceedings Project},
	title = {The {L2} {Acquisition} of null and overt {{Spanish}} subject pronouns: {A} pragmatic approach},
	year = {2009}
}

@inproceedings{LicerasEtAl2010,
	address = {Somerville, MA},
	author = {Liceras, Juana and {Alba de la Fuente}, Anahi and {Martínez Sanz}, Christina},
	pages = {84--95},
	publisher = {Cascadilla Proceedings Project},
	title = {The distribution of null subjects in non-native grammars: {Syntactic} markedness and interface vulnerability},
	year = {2010}
}

@incollection{ZhaoMurphy2017,
	address = {Clevedon},
	author = {Zhao, Ting and Murphy, Victoria A.},
	booktitle = {Learning foreign languages in primary schools: {Research} insights},
	editor = {García Mayo, María del Pilar},
	pages = {1--22},
	publisher = {Multilingual Matters},
	title = {Factors affecting the speed of word retrieval in children learning {{English}} as a foreign language},
	year = {2017}
}

@incollection{Villa-Garcia2018,
	address = {Cambridge},
	author = {Villa-García, Julio},
	booktitle = {The {{Cambridge}} Handbook of {{Hispanic}} Linguistics},
	editor = {Kimberly L. Geeslin},
	pages = {329--350},
	publisher = {Cambridge University Press},
	sortname = {Villa-Garcia, Julio},
	title = {Properties of the extended verb phrase: {Agreement}, the structure of {{INFL}}, and subjects in {{Spanish}}},
	year = {2018}
}

@incollection{TsimpliSorace2006,
	address = {Somerville, MA},
	author = {Tsimpli, Lanthi and Sorace, Antonella},
	booktitle = {Proceedings of the 30th {Annual} {{Boston}} {University} {Conference} on {Language} {Development}},
	editor = {D. {Bamman} and {T}. {Magnitskaia} and {C}. {Zaller}},
	pages = {653--664},
	publisher = {Cascadilla Press},
	title = {Differentiating interfaces: {L2} performance in syntax-semantics and syntax-discourse phenomena},
	year = {2006},
	volume = {1 \& 2}
}

@incollection{TorregoLaka2015,
	address = {Bilbao},
	author = {Torrego, Esther and Laka, Itziar},
	booktitle = {{Ibon} {Sarasola}, {Gorazarre}. {Homenatge}, {Homenaje}},
	editor = {Beatriz {Fernández} and {Et} {Salaburu}},
	pages = {633--646},
	publisher = {UPV/EHU},
	title = {The syntax of φ-features: {Agreement} with plural {{DP}s} in {{Basque}} and {{Spanish}}},
	year = {2015}
}

@misc{TellierEtAl2018,
	author = {Tellier, Angela J. and Holmes, Bernardette and Mitchell, Rosamond},
	title = {Languages and language learning at {{Key}} {Stage} 2: {A} longitudinal study},
	url = {https://ripl.uk/wp-content/uploads/2018/06/CableEtAlFinal.pdf},
	year = {2018}
}

@misc{Tellier2019,
	author = {Tellier, Angela},
	title = {Primary {{French}} in the balance: {The} “{Nuffield}” {Pilot}},
	year = {2019},
	url = {https://ripl.uk/wp-content/uploads/2019/11/RiPL-Summary-Burstall.pdf}
}

@misc{TellierGraham2018,
	author = {Tellier, Angela and Graham, Suzanne},
	year = {2018},
	title = {How do teacher factors and the way teachers teach impact on children's {FL} knowledge?},
	url = {https://www.ripl.uk/wp-content/uploads/2018/02/GrahamCourtney-SummaryFinal.pdf}
}

@incollection{Szpotowicz2009,
	address = {Clevedon},
	author = {Szpotowicz, Magdalena},
	booktitle = {Early learning of modern foreign languages: {Processes} and outcomes},
	editor = {Nikolov, Marianne},
	pages = {195--211},
	publisher = {Multilingual Matters},
	title = {Factors {Influencing} young learners’ vocabulary acquisition},
	year = {2009}
}

@incollection{Sparks2012,
	address = {Malden, MA},
	author = {Sparks, Richard L.},
	booktitle = {Individual differences in second language learning},
	editor = {Roberts, Leah and Meyer, Antje},
	pages = {5--27},
	publisher = {Wiley Blackwell},
	title = {Individual differences in {L2} learning and long-term {L1}-{L2} relationships},
	year = {2012}
}

@incollection{Sheehan2016,
	address = {Berlin},
	author = {Sheehan, Michelle},
	booktitle = {Manual of Grammatical Interfaces in {Romance}},
	editor = {{Susann} {Fischer} and {Christoph}. {Gabriel}},
	pages = {329--362},
	publisher = {De Gruyter},
	title = {Subjects, null subjects and expletives},
	year = {2016},
	doi = {10.1515/9783110311860-014}
}

@incollection{Satchwell1996,
	address = {London},
	author = {Satchwell, Peter},
	booktitle = {30 years of Language Teaching},
	editor = {Eric Hawkins},
	pages = {171--175},
	publisher = {CILT},
	title = {The present position in {{England}}},
	year = {1996},
}

@incollection{Roberts2010,
	address = {Cambridge},
	author = {Roberts, Ian},
	booktitle = {{Parametric} Variation: {Null} Subjects in {Minimalist} Theory},
	editor = {Biberauer, Theresa and Anders Holmberg and Ian Roberts and Michelle Sheehan},
	pages = {58--87},
	publisher = {CUP},
	title = {A deletion analysis of null subjects},
	year = {2010},
	doi = {10.1017/CBO9780511770784.002}
}

@incollection{ReindersEllis2009,
	address = {Bristol; Buffalo; Toronto},
	author = {Reinders, Hayo and Ellis, Rod},
	booktitle = {Implicit and explicit knowledge in second language learning, testing and teaching},
	editor = {Rod Ellis and Shawn Loewen and Catherine Elder and Hayo Reinders and Rosemary Erlam and Jenefer Philp},
	pages = {281--302},
	publisher = {Multilingual Matters},
	title = {The effects of two types of input on the acquisition of {L2} implicit and explicit knowledge},
	year = {2009},
	doi = {10.21832/9781847691767-014}
}

@incollection{RamchandSvenonius2008,
	address = {Amsterdam},
	author = {Ramchand, Gillian and Svenonius, Peter},
	booktitle = {Limits of syntactic variation},
	editor = {Theresa Biberauer},
	pages = {219--245},
	publisher = {John Benjamins},
	title = {Mapping a parochial lexicon onto a universal semantics},
	year = {2008}
}

@incollection{QianLin2020,
	address = {New York},
	author = {Qian, David and Lin, Linda H. F.},
	booktitle = {The {{Routledge}} Handbook of Vocabulary Studies},
	editor = {Webb, Stuart},
	pages = {66--81},
	publisher = {Routledge},
	title = {The relationship between vocabulary knowledge and language proficiency},
	year = {2020}
}

@incollection{Phinney1987,
	address = {Dordrecht},
	author = {Phinney, Marianne},
	booktitle = {{Parameter} setting},
	editor = {Roeper, Thomas and Williams, Edwin},
	pages = {221--238},
	publisher = {Reidel},
	title = {The pro-drop parameter in second language acquisition},
	year = {1987},
	doi = {10.1007/978-94-009-3727-7_10}
}



@incollection{Newton2020,
	address = {New York},
	author = {Newton, Jonathan},
	booktitle = {The {{Routledge}} Handbook of Vocabulary Studies},
	editor = {Webb, Stuart},
	pages = {255--271},
	publisher = {Routledge},
	title = {Learning vocabulary inside the classroom},
	year = {2020}
}

@incollection{Nakata2020,
	address = {New York},
	author = {Nakata, Tatsuya},
	booktitle = {The {{Routledge}} Handbook of Vocabulary Studies},
	editor = {Webb, Stuart},
	pages = {304--320},
	publisher = {Routledge},
	title = {Learning words with flashcards and word cards},
	year = {2020}
}

@incollection{Myles2007,
	address = {Amsterdam/Philadelphia},
	author = {Myles, Florence},
	booktitle = {{{French}} Applied Linguistics},
	editor = {Dalila Ayoun},
	pages = {377--400},
	publisher = {John Benjamins},
	title = {Using electronic corpora in {{SLA}} research},
	year = {2007},
	doi = {10.1075/lllt.16.18myl}
}

@incollection{Myles2015,
	address = {Cambridge},
	author = {Myles, Florence},
	booktitle = {The {{Cambridge}} Handbook of Learner Corpus Research},
	editor = {Sylviane Granger and Gaëtanelle Gilquin and Fanny Meunier},
	pages = {309--332},
	publisher = {Cambridge University Press},
	title = {Second language acquisition theory and learner corpus research},
	year = {2015}
}

@article{Myles2014,
	author = {Myles, Florence},
	journal = {Subject Centre for Languages, Linguistics and Area Studies Guide to Good Practice},
	title = {Second language acquisition ({{SLA}}) research: {{I}}ts significance for learning and teaching issues},
	year = {2014},
	url = {https://web-archive.southampton.ac.uk/www.llas.ac.uk/resources/gpg/421.html}
}

@incollection{MontrulRodríguezLouro2006,
	address = {Amsterdam},
	author = {Montrul, Silvina and Rodríguez-Louro, Celeste},
	booktitle = {{The} Acquisition of Syntax in {{Romance}} Languages},
	editor = {Vincent Torrens and Linda Escobar},
	pages = {401--418},
	publisher = {John Benjamins},
	sortname = {Montrul, Silvina and Rodriguez-Louro, Celeste},
	title = {Beyond the syntax of the null subject parameter},
	year = {2006},
	doi = {10.1075/lald.41.19mon}
}

@inproceedings{MargazaBel2006,
	address = {Somerville, MA},
	author = {Margaza, Panagiota and Bel, Aurora},
	booktitle = {{Proceedings} of the 8th {Generative} {Approaches} to {Second} {Language} {Acquisition} Conference ({{GASLA}} 2006)},
	editor = {Mary Grantham O'Brien and Christine Shea and John Archibald},
	pages = {88--97},
	publisher = {Cascadilla Press},
	title = {Null subjects at the syntax–pragmatics {Interface}: {Evidence} from {{Spanish}} interlanguage of {{Greek}} speakers},
	year = {2006},
	ids = {margaza_null_2006}
}

@incollection{Lozano2006,
	address = {Amsterdam},
	author = {Lozano, Cristóbal},
	booktitle = {{The} Acquisition of Syntax in {{Romance}} Languages},
	editor = {Vincent Torrens and Linda Escobar},
	pages = {371--399},
	publisher = {John Benjamins},
	sortname = {Lozano, Cristobal},
	title = {The development of the syntax-information structure interface: {{Greek}} learners of {{Spanish}}},
	year = {2006},
	doi = {10.1075/lald.41.18loz}
}

@incollection{Lightbown2008,
	address = {Clevedon, UK},
	author = {Lightbown, Patricia Martin},
	booktitle = {Understanding Second Language Process},
	editor = {Han, ZhaoHong},
	pages = {27--44},
	publisher = {Multilingual Matters},
	title = {Transfer appropriate processing as a model for classroom second language acquisition},
	year = {2008}
}

@incollection{Liceras1988,
	address = {Dordrecht},
	author = {Liceras, Juana},
	booktitle = {{Learnability} and Second Languages: {{A}} book of readings},
	editor = {James Pankhurst and Mike Sharwood Smith and Paul Van Buren},
	pages = {71--93},
	publisher = {Foris},
	title = {Syntax and stylistics: {{M}}ore on the pro-drop parameter},
	year = {1988},
	doi = {10.1515/9783110874150-005}
}

@incollection{Liceras1989,
	address = {Cambridge},
	author = {Liceras, Juana},
	booktitle = {{Linguistic} Perspectives on Second Language Acquisition},
	editor = {Susan M. Gass and Jacquelyn Schachter},
	pages = {109--133},
	publisher = {Cambridge University Press},
	title = {On some {Properties} of the “pro-drop” parameter: {Looking} for missing subjects in non-native {{Spanish}}},
	year = {1989},
	doi = {10.1017/CBO9781139524544.009}
}

@incollection{Laufer2020,
	address = {New York},
	author = {Laufer, Batia},
	booktitle = {The {{Routledge}} Handbook of Vocabulary Studies},
	editor = {Webb, Stuart},
	pages = {351--369},
	publisher = {Routledge},
	title = {Evaluating exercises for learning vocabulary},
	year = {2020}
}

@incollection{Lardiere2005,
	address = {Somerville, MA},
	author = {Lardiere, Donna},
	booktitle = {{Proceedings} of the 7th {Generative} {Approaches} to {Second} {Language} {Acquisition} Conference ({{GASLA}} 2004)},
	editor = {Laurent {Dekydtspotter} and {Rex} {A}. {Sprouse} and {Audrey} {Liljestrand}},
	pages = {178--192},
	publisher = {Cascadilla Press},
	title = {On morphological competence},
	year = {2005},
	ids = {lardiere_morphological_2008}
}

@incollection{Lardiere2008,
	address = {Mahwah, NJ},
	author = {Lardiere, Donna},
	booktitle = {{The} Role of Features in Second Language Acquisition},
	editor = {Juana {Liceras} and {Helmut} {Zobl} and {Helen} {Goodluck}},
	pages = {106--140},
	publisher = {Lawrence Erlbaum},
	title = {Feature-assembly in second language acquisition},
	year = {2008},
	ids = {lardiere_feature-assembly_2005}
}

@incollection{Kersten2011,
	address = {London},
	author = {Kersten, Saskia},
	booktitle = {Teaching {{English}} to Young Learners: {Critical} issues in language teaching with 3–12 year olds},
	editor = {Bland, Janice},
	pages = {129--147},
	publisher = {Bloomsbury Academic},
	title = {Language development in young learners: {The} role of formulaic language},
	year = {2011}
}

@incollection{Johnstone1996,
	address = {London},
	author = {Johnstone, Richard},
	booktitle = {30 Years of Language Teaching},
	editor = {Eric Hawkins},
	pages = {171--175},
	publisher = {CILT},
	title = {The {{Scottish}} initiatives},
	year = {1996},
}

@incollection{JaeggliSafir1989,
	address = {Dordrecht},
	author = {Jaeggli, Osvaldo A. and Safir, Ken J.},
	booktitle = {The Null Subject Parameter},
	editor = {Osvaldo A. Jaeggli and Kenneth J. Safir},
	pages = {1--44},
	publisher = {Springer},
	title = {The null subject parameter and parametric theory},
	year = {1989},
	doi = {10.1007/978-94-009-2540-3_1}
}



@book{Hawkins1996,
	address = {London},
	author = {Hawkins, Eric},
	publisher = {CILT},
	title = {30 Years of Language Teaching 1966--1996},
	year = {1996}
}

@incollection{Goodall2001,
	address = {Dordrecht},
	author = {Goodall, Grant},
	booktitle = {{Objects} and Other Subjects},
	editor = {William {Davies} and {Stanley} {Dubinsky}},
	pages = {193--223},
	publisher = {Kluwer},
	title = {The {{EPP}} in {{Spanish}}},
	year = {2001}
}

@incollection{FredricksMcColskey2012,
	address = {New York},
	author = {Fredricks, Jennifer A. and McColskey, Wendy},
	booktitle = {Handbook of Research on Student Engagement},
	editor = {Christenson, Sandra and Reschly, Amy and Wylie, Cathy},
	pages = {763--782},
	publisher = {Springer},
	title = {The measurement of student engagement: {A} comparative analysis of various methods and student self-report instruments},
	year = {2012}
}

@incollection{Fougnie2008,
	address = {Hauppauge, NY},
	author = {Fougnie, Daryl},
	booktitle = {New Research on Short Term Memory},
	editor = {Johansen, Noah},
	pages = {1--45},
	publisher = {Nova Science Publishers},
	title = {The relationship between attention and short-term memory},
	year = {2008}
}

@incollection{EtxeparaUribeEtxebarria2008,
	address = {Donostia},
	author = {Etxepara, Ricardo and Uribe-Etxebarria, Miriam},
	booktitle = {{Gramatika} jaietan: {Patxi} {Goenagaren} omenez},
	editor = {X. {Artiagoitia Beaskoetxea} and J. {Lakarra Andrinua}},
	pages = {287--310},
	publisher = {Supplements of ASJU},
	title = {On negation and focus in {{Spanish}} and {{Basque}}},
	year = {2008}
}

@incollection{DominguezArche2008,
	address = {Somerville, MA},
	author = {Domínguez, Laura and Arche, María J.},
	booktitle = {{Proceedings} of the 32nd Annual {{Boston}} {University} Conference on Language Development},
	editor = {Harvey {Chan} and Heather {Jacob} and Enkeleida {Kapia}},
	pages = {96--107},
	publisher = {Cascadilla Press},
	sortname = {Domínguez, Laura and Arche, Maria J.},
	title = {Optionality in {L2} grammars: {{T}}he acquisition of {{SV}}/{{VS}} contrast in {{Spanish}}},
	year = {2008}
}

@incollection{DiazLiceras1990,
	address = {Barcelona},
	author = {Díaz, Lourdes and Liceras, Juana},
	booktitle = {{Proceedings} of the {V} Congress on {Natural} and {Formal} {Languages}},
	editor = {Carlos {Martín Vide}},
	publisher = {Universidad de Barcelona},
	pages = {465--480},
	sortname = {Diaz, Lourdes and Liceras, Juana},
	title = {Formulación de parámetros y adquisición de lenguas extranjeras},
	year = {1990}
}



@incollection{Coyle2008,
	address = {Boston, MA},
	author = {Coyle, Do},
	booktitle = {Encyclopedia of Language and Education},
	editor = {Nancy H. Hornberger},
	pages = {97--111},
	publisher = {Springer},
	title = {{{CLIL}}: {A} pedagogical approach from the {{European}} perspective},
	edition = {2},
	year = {2008},
	doi = {10.1007/978-0-387-30424-3_92}
}

@incollection{CollinsEtAl2012,
	address = {Bristol},
	author = {Collins, Laura and White, Joanna and Trofimovich, Pavel and Cardoso, Walcir and Horst, Marlise},
	booktitle = {Intensive Exposure Experiences in Second Language Learning},
	editor = {Carmen Munoz},
	pages = {66--87},
	publisher = {Multilingual Matters},
	title = {When comprehensible input is not comprehensive input: {A} multi-dimensional analysis of instructional input in intensive {{English}} as foreign language},
	year = {2012}
}

@incollection{Chomsky2000,
	address = {Cambridge, MA},
	author = {Chomsky, Noam},
	booktitle = {Step by Step: {Essays} on minimalism in honor of {Howard} {Lasnik}},
	editor = {Roger Marti and David Michaels and Juan Uriagereka},
	pages = {89--155},
	publisher = {MIT Press},
	title = {Minimalist inquiries: {{T}}he framework},
	year = {2000}
}

@incollection{Bini1993,
	address = {Ottawa},
	author = {Bini, Milena},
	booktitle = {{{La}} lingüística y el análisis de los sistemas no nativos},
	editor = {Juana M Liceras},
	pages = {126--139},
	publisher = {Dovehouse},
	title = {{La} adquisición del italiano: {Más} allá de las propiedades sintácticas del parámetro pro-drop},
	year = {1993}
}

@incollection{Alonso-ovalleDIntrono2001,
	address = {Somerville, MA},
	author = {Alonso-Ovalle, Luis and D’Introno, Francesco},
	booktitle = {{Hispanic} Linguistics at the Turn of the Millennium},
	editor = {Hector {Campos} and {Elena} {Herburger} and {Alfonso} {Morales}-{Front} and {Thomas} {Walsh}},
	pages = {189--210},
	publisher = {Cascadilla Press},
	sortname = {Alonso-Ovalle, Luis and D'Introno, Francesco},
	title = {Full and null pronouns in {{Spanish}}: {The} zero pronoun hypothesis},
	year = {2001}
}

@incollection{AlmogueraLagunas1993,
	address = {Ottawa},
	author = {Almoguera, Rosa and Lagunas, Conchita},
	booktitle = {{{La}} lingüística y el análisis de los sistemas no nativos},
	editor = {Juana M Liceras},
	pages = {140--149},
	publisher = {Dovehouse},
	title = {El parámetro pro-drop en el español no nativo},
	year = {1993}
}

@incollection{Al-KaseyPérez-Leroux1998,
	address = {Mahwah},
	author = {Al-Kasey, Tamara and Pérez-Leroux, Ana T.},
	booktitle = {Second Language Acquisition of {{Spanish}} Null Subjects},
	editor = {Flynn, Suzanne and Martohardjono, Gita and O’Neil, Wayne},
	pages = {161--185},
	publisher = {Lawrence Erlbaum Associates},
	sortname = {Al-Kasey, Tamara and Perez-Leroux, Ana Teresa},
	title = {Second language acquisition of {{Spanish}} null subject},
	year = {1998}
}

@book{zubizarreta1998,
	address = {Cambridge},
	author = {Zubizarreta, María Luisa},
	publisher = {MIT Press},
	sortname = {Zubizarreta, Maria Luisa},
	title = {Word Order, Prosody and Focus},
	year = {1998},
}


@report{WollWei2019,
	author = {Woll, Bencie and Wei, Li},
	month = {9},
	title = {Cognitive benefits of language learning: {Broadening} our perspectives},
	url = {https://www.thebritishacademy.ac.uk/sites/default/files/Cognitive-Benefits-Language-Learning-Final-Report.pdf},
	year = {2019},
	urldate = {2019-10-29},
	type = {Report commissioned by the British Academy},
}


@book{White1989,
	publisher = {John Benjamins},
	author = {White, Lydia},
	address = {Philadelphia},
	title = {Universal {Grammar} and {Second} {Language} {Acquisition}},
	year = {1989},
}

@book{StaleyCrowe2019,
	address = {Ross-On-Wye},
	author = {Staley, Kristina and Crowe, Sally},
	publisher = {TwoCan Associates, UK and Crowe Associates, UK},
	title = {More than a Top 10: {How} {{James}} {Lind} {Alliance} {Priority} {Setting} {Partnerships} transform research, people and organisations},
	url = {http://www.twocanassociates.co.uk/wp-content/uploads/2019/09/More-Than-a-Top-10-Sep-19.pdf},
	year = {2019}
}

@book{Silva-Corvalan2001,
	address = {Washington, DC},
	author = {Silva-Corvalán, Carmen},
	publisher = {Georgetown University Press},
	sortname = {Silva-Corvalan, Carmen},
	title = {Sociolingüística y pragmática del español},
	year = {2001},
}


@book{Rizzi1982,
	address = {Dordrecht},
	author = {Rizzi, Luigi},
	publisher = {Foris},
	title = {Issues in {{Italian}} Syntax},
	year = {1982},
}

@book{Pinter2011,
	address = {Basingstoke},
	author = {Pinter, Annamaria},
	publisher = {Palgrave Macmillan},
	title = {Children Learning Second Languages},
	year = {2011},
}



@inproceedings{OnahEtAl2014,
	booktitle = {{6th international conference on Education and New Learning Technologies {(\upshape\textsc{edulearn}\oldstylenums{14})}, Barcelona, Spain, 7–9 July 2014}},
	address = {Barcelona, Spain},
	author = {Onah, Daniel F. O. and Jane Sinclair and Boyatt, Russell},
	month = {7},
	publisher = {IATED},
	pages = {5825--5834},
	title = {Dropout rates of {Massive Open Online Courses}: {Behavioural} patterns},
	year = {2014}
}




@book{Nikolov2009,
	address = {Clevedon},
	author = {Nikolov, Marianne},
	publisher = {Multilingual Matters},
	title = {Early learning of modern foreign languages: {Processes} and outcomes},
	year = {2009},
}

@report{MylesMitchell2012,
	address = {Swindon},
	author = {Myles, Florence and Mitchell, Rosamond},
	institution = {Economic and Social Research Council},
	title = {Learning {{French}} from ages 5, 7, and 11: {An} investigation into starting ages, rates and routes of learning amongst early foreign language learners},
	type = {{{ESRC}} End of Award Report},
	number = {{{RES}}-062-23-1545},
	year = {2012},
}



@book{MurphyEtAl2020,
	address = {London},
	author = {Murphy, Victoria A. and Arndt, Henriette and Briggs Baffoe-Djan, Jessica and Chalmers, Hamish and Macaro, Ernesto and Rose, Heath and Vanderplank, Robert and Woore, Robert},
	publisher = {Education Endowment Foundation},
	title = {Foreign language learning and its impact on wider academic outcomes: {A} rapid evidence assessment},
	year = {2020},
}

@book{Murphy2014,
	address = {Oxford},
	author = {Murphy, Victoria A.},
	publisher = {Oxford University Press},
	title = {Second Language Learning in the Early School Years: {Trends} and contexts},
	year = {2014},
}

@book{Munoz2006,
	address = {Clevedon},
	author = {Muñoz, Carmen},
	publisher = {Multilingual Matters},
	sortname = {Munoz, Carmen},
	title = {Age and the Rate of Foreign Language Learning},
	year = {2006},
}

@book{MuijsEtAl2005,
	address = {Nottingham},
	author = {Muijs, Daniel and Barnes, Ann and Hunt, Marilyn and Powell, Bob and Arweck, Elizabeth and Lindsay, Geoff. and Martin, Cynthia},
	number = {692},
	publisher = {DfES Publications},
	series = {{Department} for {Education} and {Skills} {Research} {Report}},
	title = {Evaluation of the {Key} {Stage} 2 Language Learning Pathfinders},
	year = {2005}
}



@report{LongDanechi2021,
	type = {Briefing paper to the House of Commons},
	author = {Long, Robert and Danechi, Shadi},
	publisher = {House of Commons Library},
	title = {{Teacher} Recruitment and Retention in {{England}}},
	year = {2021},
	url = {https://commonslibrary.parliament.uk/research-briefings/cbp-7222/},
	institution = {UK Parliament},
}

@book{OFarrellAndersonHolmes2022,
	address = {Leicester},
	author = {O'Farrell, Suzanne and Anderson, Jim and Holmes, Bernardette},
	institution = {Association of School and College Leaders },
	title = {Supporting Pupils with Home, Heritage and Community Languages: {Information} for Schools and Trusts},
	year = {2022},
}

@report{Laurillard2014,
	address = {London},
	url = {https://iite.unesco.org/files/news/639194/Anatomy_of_a_MOOC.pdf},
	author = {Laurillard, Diane},
	intitution = {Institute of Education/UCL},
	title = {Anatomy of a {{MOOC}} for Teacher {{CPD}}},
	year = {2014}
}

@book{Leathes1918,
	address = {London},
	author = {Leathes, Stanley},
	publisher = {His Majesty’s Stationery Office},
	title = {Report of the Committee Appointed by the {Prime} {Minister} to Enquire into the Position of Modern Languages in the Educational System of {Great} {{Britain}}},
	year = {1918},
}

@book{Laurillard2012,
	address = {NY \& Abingdon, UK},
	author = {Laurillard, Diane},
	publisher = {Routledge},
	title = {Teaching as a Design Science: {Building} pedagogical patterns for learning and technology},
	year = {2012},
}

@book{LanversEtAl2021,
	address = {Cham},
	doi = {10.1007/978-3-030-56654-8},
	booktitle = {Language Learning in {Anglophone} Countries: {Challenges}, practices, ways forward},
	editor = {Lanvers, Ursula and Thompson, Amy S. and East, Martin},
	publisher = {Springer},
	title = {Language Learning in {Anglophone} Countries: {Challenges}, practices, ways forward},
	year = {2021}
}

@phdthesis{Kanaki2020,
	address = {Dundee},
	school  = {University of Dundee},
	author = {Kanaki, Argyro},
	title = {The Primary Language Classroom: {Praxis} and perceptions of metalinguistic awareness},
	year = {2020}
}

@book{Jaeggli1982,
	address = {Dordrecht},
	author = {Jaeggli, Osvaldo A.},
	publisher = {Foris},
	title = {Topics in {{Romance}} Syntax},
	year = {1982},
}



@phdthesis{Hanan2015,
	title = {The Effectiveness of Explicit Grammar Instruction for the Young Foreign Language Learner: {A} classroom-based experimental study},
	school = {University of York},
	author = {Hanan, Rowena E.},
	year = {2015}
}


@misc{Grosjean2014,
	author = {Grosjean, François},
	journal = {Psychology Today},
	sortname = {Grosjean, Francois},
	title = {Chasing down those 65\%: {What} is the percentage of bilinguals in the world today},
	url = {https://www.psychologytoday.com/us/blog/life-bilingual/201411/chasing-down-those-65},
	year = {2014}
}


@book{Grosjean2010,
	address = {Boston, MA},
	author = {Grosjean, François},
	publisher = {Harvard University Press},
	sortname = {Grosjean, Francois},
	title = {Bilingualism: {Life} and reality},
	year = {2010},
}

@book{GassEtAl2021,
	address = {London},
	annote = {Routledge},
	author = {Gass, Susan M. and Behney, Jennifer and Plonsky, Luke},
	publisher = {Routledge},
	title = {Second Language Acquisition: {An} introductory course},
	year = {2021}
}

@book{Garcia2017,
	address = {Clevedon},
	author = {García Mayo, María del Pilar},
	publisher = {Multilingual Matters},
	sortname = {Garcia Mayo, Maria del Pilar},
	title = {Learning Foreign Languages in Primary Schools: {Research} insights},
	year = {2017},
}



@book{Cummins2000,
	address = {Clevedon},
	author = {Cummins, Jim},
	publisher = {Multilingual Matters},
	title = {Language, Power and Pedagogy: {Bilingual} children in the crossfire},
	year = {2000},
}

@book{CoyleEtAl2010,
	address = {New York, NY},
	author = {Coyle, Do and Hood, Philip and Marsh, David},
	publisher = {Cambridge University Press},
	title = {{{CLIL}}: {Content} and language integrated learning},
	year = {2010},
}



@book{Commission2017,
	address = {Cambridge, MA},
	author = {{Commission on Language Learning}},
	publisher = {American Academy of Arts and Sciences},
	title = {{America}’s Languages. {Investing} in language education for the 21st century},
	year = {2017}
}

@book{Chomsky1995,
	address = {Cambridge, MA},
	author = {Chomsky, Noam},
	publisher = {MIT Press},
	title = {The {Minimalist} Program},
	year = {1995},
}

@book{Chomsky1981,
	address = {Dordrecht},
	author = {Chomsky, Noam},
	publisher = {Foris},
	title = {Lectures on gGovernment and Binding},
	year = {1981},
}



@misc{Chen2018,
	author = {Chen, Yangguang},
	journal = {The Conversation},
	title = {More and more {{British}} children are learning {{Chinese}} -- but there are problems with the teaching},
	url = {https://theconversation.com/more-and-more-british-children-are-learning-chinese-but-there-are-problems-with-the-teaching-91424},
	year = {2018}
}





@misc{Bramble2021,
	author = {Bramble, Anntoinette},
	journal = {Hackney},
	title = {{Spanish} teaching in {Hackney} schools is an example to others},
	url = {https://news.hackney.gov.uk/spanish-teaching-in-hackney-schools-is-an-example-to-others/},
	urldate = {2021-07-21},
	year = {2021}
}

@book{BoyleHumphreys2012,
	address = {London},
	author = {Boyle, Alan and Humphreys, Salli},
	publisher = {Leannta Publishing},
	title = {A Revolution in a Decade: {{T}}en out of ten},
	url = {https://dokumen.tips/documents/a-revolution-in-a-decade.html},
	year = {2012}
}

@article{BouffardSarkar2008,
	author = {Bouffard, Laura Annie and Sarkar, Mela},
	journal = {Language Awareness},
	number = {1},
	pages = {3--24},
	title = {Training 8-year-old {{French}} immersion students in metalinguistic analysis: {An} innovation in form-focused pedagogy},
	volume = {17},
	year = {2008}
}


@book{Blackwell2003,
	address = {Amsterdam},
	author = {Blackwell, Sarah E.},
	publisher = {John Benjamins},
	title = {Implicatures in Discourse: {The} case of {{Spanish}} {{NP}} anaphora},
	year = {2003},
}



@book{Bialystok2001,
	address = {Cambridge},
	publisher = {Cambridge University Press},
	author = {Bialystok, Ellen},
	title = {Language, Literacy, and Cognition},
	year = {2001}
}

@book{Baker2006,
	address = {Clevedon},
	author = {Baker, Colin},
	publisher = {Multilingual Matters},
	title = {Foundations of Bilingual Education and Bilingualism},
	edition = {4},
	year = {2006},
}

@book{BaddeleyEtAl2015,
	address = {New York},
	author = {Baddeley, Alan D. and Eysenck, Michael W. and Anderson, Michael},
	publisher = {Psychology Press},
	title = {Memory},
	year = {2015},
}

@book{Baddeley1997,
	address = {Hove},
	author = {Baddeley, Alan D.},
	publisher = {Psychology Press},
	title = {Human Memory: {Theory} and practice},
	edition = {Revised edition},
	year = {1997},
}

@report{Ayres-BennettCarruthers2019,
	author = {Ayres-Bennett, Wendy and Carruthers, Janice},
	institution = {MEITS Project},
	title = {Policy Briefing on Modern Languages Educational Policy in the {{UK}}},
	url = {https://www.meits.org/files/policy_documents/uploads/Policy_Briefing_on_Modern_Languages_Educational_Policy_in_the_UK.pdf},
	year = {2019}
}

@book{Alberta2010,
	address = {Edmonton},
	author = {{Alberta Ministry of Education}},
	publisher = {Alberta Ministry of Education},
	title = {Handbook for {{French}} Immersion Administrators},
	year = {2010}
}

@article{ZaunbauerMöller2010,
	author = {Zaunbauer, Anna C. M. and Möller, Jens},
	journal = {Psychologie in Erziehung und Unterricht},
	pages = {30--45},
	sortname = {Zaunbauer, Anna C. M. and Moller, Jens},
	title = {Academic development of children in an immersion program: {Results} for the first two years of school},
	volume = {57},
	year = {2010}
}

@article{Wilkerson2008,
	author = {Wilkerson, Carol},
	doi = {10.1111/j.1944-9.tb03294.x},
	journal = {Foreign Language Annals},
	number = {2},
	pages = {310--320},
	title = {Instructors’ Use of {{English}} in the Modern Language Classroom},
	volume = {41},
	year = {2008}
}

@article{WhiteRanta2002,
	author = {White, Joanna and Ranta, Leila},
	journal = {Language Awareness},
	number = {4},
	pages = {259--290},
	title = {Examining the interface between metalinguistic task performance and oral production in a second language},
	volume = {11},
	year = {2002}
}

@article{WhiteEtAl2007,
	author = {White, Joanna and Muñoz, C. and Collins, L.},
	journal = {Language Awareness},
	number = {4},
	pages = {278--299},
	sortname = {White, Joanna and Munoz, Carmen and Collins, Laura},
	title = {The his/her challenge: {Making} progress in a “regular” {L2} programme},
	volume = {16},
	year = {2007}
}

@article{VerhagenLeseman2016,
	author = {Verhagen, Josje and Leseman, Paul},
	journal = {Journal of Experimental Child Psychology},
	pages = {65--82},
	title = {How do verbal short-term memory and working memory relate to the acquisition of vocabulary and grammar? {A} comparison between first and second language learners},
	volume = {141},
	year = {2016}
}

@article{VanPatten2014,
	author = {VanPatten, Bill},
	journal = {The Language Educator},
	number = {5},
	pages = {24--49},
	title = {Focus topic: {Creating} comprehensible input and output. {Fundamental} considerations in language learning.},
	volume = {9},
	year = {2014}
}

@article{VanPatten2002,
	author = {VanPatten, Bill},
	journal = {Language Learning},
	number = {4},
	pages = {755--803},
	title = {Processing instruction: {An} update},
	volume = {52},
	year = {2002}
}

@article{VanZeelandSchmitt2013,
	author = {Van Zeeland, Hilda and Schmitt, Norbert},
	journal = {Applied Linguistics},
	number = {4},
	pages = {457--479},
	title = {Lexical coverage in {L1} and {L2} listening comprehension: {The} same or different for reading comprehension?},
	volume = {34},
	year = {2013}
}

@article{Valdes1997,
	author = {Valdes, Guadalupe},
	doi = {10.17763/haer.67.3.n5q175qp86120948},
	journal = {Harvard Educational Review},
	number = {3},
	pages = {391--430},
	title = {Dual-Language Immersion Programs: {A} Cautionary Note Concerning the Education of Language-Minority Students},
	volume = {67},
	year = {1997}
}

@article{Tracy-VenturaMyles2015,
	author = {Tracy-Ventura, Nicole and Myles, Florence},
	journal = {International Journal of Learner Corpus Research},
	number = {1},
	pages = {58--95},
	title = {The importance of task variability in the design of learner corpora for {{SLA}} research},
	volume = {1},
	year = {2015}
}

@article{Tellier2008,
	author = {Tellier, Marion},
	journal = {Gesture},
	pages = {219--235},
	title = {The effect of gestures on second language memorisation by young children},
	volume = {8},
	year = {2008}
}

@article{TaylorLafayette2010,
	author = {Taylor, Carolyn and Lafayette, Robert},
	journal = {The Modern Language Journal},
	pages = {22--42},
	title = {Academic achievement through {{FLES}}: {A} case for promoting greater access to foreign language study among young learners},
	volume = {94},
	year = {2010}
}

@article{Syodorenko2010,
	author = {Syodorenko, Tanya},
	journal = {Language Learning and Technology},
	number = {2},
	pages = {50--73},
	title = {Modality of input and vocabulary acquisition},
	volume = {14},
	year = {2010}
}

@article{SuzukiEtAl2019,
	author = {Suzuki, Yuichi and Nagata, Tatsuya and DeKeyser, Robert},
	journal = {The Modern Language Journal},
	number = {3},
	pages = {551--561},
	title = {Optimizing second language practice in the classroom: {Perspectives} from cognitive psychology},
	volume = {103},
	year = {2019}
}

@article{Sudhoff2010,
	author = {Sudhoff, Julian},
	journal = {International CLIL Research Journal},
	pages = {30--37},
	title = {{{CLIL}} and intercultural communicative competence: {Foundations} and approaches towards a fusion},
	volume = {34},
	year = {2010}
}

@article{SoraceFiliaci2006,
	author = {Sorace, Antonella and Filiaci, Francesca},
	journal = {Second Language Research},
	number = {3},
	pages = {339--368},
	title = {Anaphora resolution in near-native speakers of {{Italian}}},
	volume = {22},
	year = {2006}
}

@article{Slabakova2009,
	author = {Slabakova, Roumyana},
	journal = {Second Language Research},
	number = {2},
	pages = {313--324},
	title = {Features or parameters: {{W}}hich one makes second language acquisition easier, and more interesting to study?},
	volume = {25},
	year = {2009}
}

@article{SilvenRubinov2010,
	author = {Silvén, Maarit and Rubinov, Evgenia},
	journal = {Reading and Writing},
	pages = {385--414},
	title = {Language and preliteracy skills in bilinguals and monolinguals at preschool age: {Effects} of exposure to richly inflected speech from birth},
	volume = {23},
	year = {2010}
}

@article{Savage2019,
	author = {Savage, Michael},
	journal = {The Guardian},
	title = {{England}'s schools face staffing crisis as {{EU}} teachers stay at home},
	url = {https://www.theguardian.com/education/2019/jan/12/schools-staff-crisis-eu-teacher-applications-fall},
	year = {2019},
	note = {12/01/2019},
}

@article{RothmanIverson2007,
	author = {Rothman, Jason and Iverson, Michael},
	journal = {Hispania},
	number = {2},
	pages = {329--342},
	title = {On {L2} clustering and resetting the Null Subject Parameter in {L2} {{Spanish}}: {Implications} and observations},
	volume = {90},
	year = {2007},
	ids = {rothman_l2_2007}
}

@article{RohdeTiefenthal2000,
	author = {Rohde, Andreas and Tiefenthal, Christine},
	journal = {Studia Linguistica},
	number = {2},
	pages = {167--174},
	title = {Fast mapping in early {L2} lexical acquisition},
	volume = {54},
	year = {2000}
}

@article{RogersCheung2020,
	author = {Rogers, John and Cheung, Anisa},
	journal = {Language Teaching Research},
	number = {5},
	pages = {616--641},
	title = {Input spacing and the learning of {L2} vocabulary in a classroom context},
	volume = {24},
	year = {2020}
}

@article{RodriguezPuyal2012,
	author = {Rodríguez, L. M. G. and Puyal, M. B.},
	journal = {Revista de la Asociación Española de Estudios Anglo-Norteamericanos},
	pages = {105--124},
	sortname = {Rodriguez, Luisa María Gonzalez and Puyal, Miriam Borham},
	title = {Promoting intercultural competence through literature in {{CLIL}} contexts},
	volume = {342},
	year = {2012}
}

@article{Rizzi1986,
	author = {Rizzi, Luigi},
	journal = {Linguistic Inquiry},
	pages = {501--557},
	title = {Null objects in {{Italian}} and the theory of \textit{pro}},
	volume = {17},
	year = {1986}
}

@article{RitterEtAl2012,
	author = {Ritter, Simone M. and Damian, Rodica Ioana and Simonton, Dean Keith and van Baaren, Rick B. and Strick, Madelijn and Derks, Jeroen and Dijksterhuis, Ap},
	doi = {10.1016/j.jesp.2012.02.009},
	journal = {Journal of Experimental Social Psychology},
	number = {4},
	pages = {961--964},
	title = {Diversifying experiences enhance cognitive flexibility},
	volume = {48},
	year = {2012}
}

@article{RickettsEtAl2009,
	author = {Ricketts, Jessie and Bishop, Dorothy V. M. and Nation, Kate},
	journal = {Quarterly Journal of Experimental Psychology},
	number = {10},
	pages = {1948--1966},
	title = {Orthographic facilitation in oral vocabulary acquisition},
	volume = {62},
	year = {2009}
}

@article{Rea-DickinsGardner2000,
	author = {Rea-Dickins, Pauline and Gardner, Sheena},
	journal = {Language Testing},
	number = {2},
	pages = {215--244},
	title = {Snares or silver bullets: {Disentangling} the construct of formative assessment},
	volume = {17},
	year = {2000}
}

@article{PorterEtAl2022,
	author = {Porter, Alison and Graham, Suzanne and Myles, Florence and Holmes, Bernardette},
	journal = {The Language Learning Journal},
	number = {2},
	pages = {208--217},
	title = {Creativity, challenge and culture in the languages classroom: {{A}} response to the {Ofsted} curriculum research review},
	volume = {50},
	year = {2022}
}


@article{Porter2020,
	author = {Porter, Alison},
	doi = {10.1080/.2019.1632918},
	journal = {The Language Learning Journal},
	number = {5},
	pages = {656--671},
	title = {An early start to foreign language literacy in {{English}} primary school classrooms},
	volume = {48},
	year = {2020}
}

@article{Porter2016,
	author = {Porter, Alison},
	journal = {The Language Learning Journal},
	number = {2},
	pages = {236--256},
	title = {A helping hand with language learning: {Teaching} {{French}} with gesture},
	volume = {44},
	year = {2016}
}

@article{PlonskyOswald2014,
	author = {Plonsky, Luke and Oswald, Frederick L.},
	journal = {Language Learning},
	pages = {878--912},
	title = {How big is “big”? {Interpreting} effect sizes in {L2} rersearch},
	volume = {64},
	year = {2014}
}

@article{Pladevall2013,
	author = {{Pladevall Ballester}, Elisabet},
	journal = {RAEL: Revista electrónica de lingüística aplicada},
	pages = {111--129},
	title = {Adult {L2} {{Spanish}} development of syntactic and discourse subject properties in an instructional setting},
	volume = {12},
	year = {2013}
}

@article{Perez-LerouxGlass1999,
	author = {Pérez-Leroux, Ana T. and Glass, William R.},
	journal = {Second Language Research},
	pages = {220--249},
	sortname = {Perez-Leroux, Ana. T and Glass, William R.},
	title = {Null anaphora in {{Spanish}} second language acquisition: {Probabilistic} versus generative approaches},
	volume = {15},
	year = {1999}
}

@article{Papp2000,
	author = {Papp, Silvia},
	journal = {Second Language Research},
	number = {2},
	pages = {173--200},
	title = {Stable and developmental optionality in native and non-native {{Hungarian}} grammars},
	volume = {16},
	year = {2000}
}

@article{PaapGreenberg2013,
	author = {Paap, Kenneth R. and Greenberg, Zachary I.},
	journal = {Cognitive Psychology},
	number = {2},
	pages = {232--258},
	title = {There is no coherent evidence for a bilingual advantage in executive processing},
	volume = {66},
	year = {2013}
}

@article{Ordonez1998,
	author = {Ordóñez, Francisco},
	journal = {Natural Language and Linguistic Theory},
	pages = {313--346},
	sortname = {Ordonez, Francisco},
	title = {Post verbal asymmetries in {{Spanish}}},
	volume = {16},
	year = {1998}
}

@article{MylesMitchell2004,
	author = {Myles, Florence and Mitchell, Rosamond},
	journal = {Journal of Applied Linguistics},
	number = {2},
	pages = {169--196},
	title = {Using information technology to support empirical {{SLA}} research},
	volume = {1},
	year = {2004}
}

@article{MylesEtAl1998,
	author = {Myles, Florence and Janet Hooper and Mitchell, Rosamond},
	journal = {Language Learning},
	number = {3},
	pages = {323--364},
	title = {Rote or rule? {Exploring} the role of formulaic language in classroom foreign language learning},
	volume = {48},
	year = {1998}
}

@report{MylesEtAl2012,
	address = {Swindon},
	author = {Myles, Florence and Mitchell, Rosamond and David, Annabelle},
	institution = {Economic and Social Research Council},
	title = {An investigation into starting ages, rates and routes of learning amongst early foreign language learners},
	year = {2012}
}




@Article{Myles2017,
  author  = {Myles, Florence},
  title   = {Learning foreign languages in primary schools: {{I}}s younger better?},
  journal = {Languages, Society and Policy},
  year    = {2017},
  doi     = {10.17863/CAM.9806},
}



@article{Myles2005,
	author = {Myles, Florence},
	journal = {Second Language Research},
	number = {4},
	pages = {373--391},
	title = {Interlanguage corpora and second language acquisition research},
	volume = {21},
	year = {2005}
}

@article{MorettEtAl2012,
	author = {Morett, Laura M. and Gibbs, Raymond W. and MacWhinney, Brian},
	journal = {Proceedings of the {Annual Meeting of the Cognitive Science Society}},
	pages = {773--778},
	title = {The role of gesture in second language learning: {Communication}, acquisition and retention},
	volume = {34},
	year = {2012}
}

@article{MorenoMayer2000,
	author = {Moreno, Roxana and Mayer, Richard E.},
	journal = {Journal of Computer Enhanced Learning},
	number = {2},
	pages = {Article: 5},
	title = {A learner centred approach to multi-media explanations: {Deriving} instructional design principles from cognitive theory},
	volume = {2},
	year = {2000},
	url = {http://imej.wfu.edu/articles/2000/2/05/index.asp}
}

@article{Montrul2004,
	author = {Montrul, Silvina},
	journal = {Bilingualism: Language and Cognition},
	pages = {125--42},
	title = {Subject and object expression in {{Spanish}} heritage speakers: {A} case of morphosyntactic convergence},
	volume = {7},
	year = {2004}
}

@article{Modirkhamene2006,
	author = {Modirkhamene, Sima},
	journal = {International Journal of Multilingualism},
	pages = {280--295},
	title = {The reading achievement of third language versus second language learners of {{English}} in relation to the interdependence hypothesis},
	volume = {3},
	year = {2006}
}



@article{MitchellEtAl2008,
	author = {Mitchell, Rosamond and Domínguez, Laura and Arche, María J. and Myles, Florence and Marsden, Emma},
	journal = {EuroSLA Yearbook},
	number = {1},
	pages = {287--304},
	sortname = {Mitchell, Rosamond and Domínguez, Laura and Arche, Maria J. and Myles, Florence and Marsden, Emma},
	title = {{{SPLLOC}}: {A} new database for {{Spanish}} second language acquisition research},
	volume = {8},
	year = {2008}
}

@article{Mitchell2021,
	author = {Mitchell, Rosamond},
	journal = {Second Language Research},
	pages = {1--25},
	title = {Documenting {L2} input and interaction during study abroad: {Approaches}, issues and challenges},
	year = {2021},
	doi  = {10.1177/02676583211030626}
}

@article{Merisuostorm2007,
	author = {Merisuo‐Storm, Tuula},
	journal = {Teaching and Teacher Education},
	pages = {226--235},
	sortname = {Merisuo‐Storm, Tuula},
	title = {Pupils’ attitudes towards foreign‐language learning and the development of literacy skills in bilingual education},
	volume = {23},
	year = {2007}
}

@article{McManus2019,
	author = {McManus, Kevin},
	journal = {Language Awareness},
	number = {2},
	pages = {114--138},
	title = {Awareness of form-meaning mappings can reduce cross-linguistic effects in {L2} grammatical learning},
	volume = {28},
	year = {2019}
}

@article{McLelland2018,
	author = {McLelland, Nicola},
	journal = {The Language Learning Journal},
	pages = {6--16},
	title = {The history of language learning and teaching in {{Britain}}},
	volume = {461},
	year = {2018}
}

@article{MatuszEtAl2014,
	author = {Matusz, Pawel J. and Broadbent, Hannah and Ferrari, Jessica and Forrest, Benjamin and Merkeley, Rebecca and Scerif, Gaia},
	journal = {Cognition},
	pages = {156--165},
	title = {Multimodal distraction: {Insights} from children’s limited attention},
	volume = {136},
	year = {2014}
}

@article{Macaro2001,
	author = {Macaro, Ernesto},
	doi = {10.1111/0026-7902.00124},
	journal = {The Modern Language Journal},
	number = {4},
	pages = {531--548},
	title = {Analysing Student Teachers’ Codeswitching in Foreign Language Classrooms: {Theories} and Decision Making},
	volume = {85},
	year = {2001}
}

@article{Lujan1986,
	author = {Luján, Marta},
	journal = {CLS},
	pages = {69--84},
	sortname = {Lujan, Marta},
	title = {Stress and binding of {Pronouns}},
	volume = {22},
	year = {1986}
}

@article{Lujan1985,
	author = {Luján, Marta},
	journal = {CLS},
	pages = {123--143},
	sortname = {Lujan, Marta},
	title = {Binding properties of overt pronouns in null pronominal languages},
	volume = {21},
	year = {1985}
}

@article{Lozano2002,
	author = {Lozano, Cristóbal},
	journal = {Durham Working Papers in Linguistics},
	pages = {53--66},
	sortname = {Lozano, Cristobal},
	title = {The interpretation of overt and null pronouns in non-native {{Spanish}}},
	volume = {8},
	year = {2002}
}

@article{LoMurphy2010,
	author = {Lo, Yuen Yi and Murphy, Victoria A.},
	journal = {Language and Education},
	number = {3},
	pages = {215--238},
	title = {Vocabulary knowledge and growth in immersion and regular language-learning programmes in {Hong} {{Kong}}},
	volume = {24},
	year = {2010}
}

@article{LicerasEtAl1999,
	author = {Liceras, Juana and Valenzuela, Elena and Díaz, Lourdes},
	journal = {Second Language Research},
	number = {2},
	pages = {161--190},
	sortname = {Liceras, Juana and Valenzuela, Elena and Diaz, Lourdes},
	title = {L1 and {L2} developing {{Spanish}} grammars and the “pragmatic deficit hypohtesis”},
	volume = {15},
	year = {1999}
}

@article{LicerasDíaz1999,
	author = {Liceras, Juana and Díaz, Lourdes},
	journal = {Second Language Research},
	pages = {1--40},
	sortname = {Liceras, Juana and Diaz, Lourdes},
	title = {Topic-drop versus pro-drop: {Null} subjects and pronominal subjects in the {{Spanish}} {L2} of {{Chinese}}, {{English}}, {{French}}, {{German}}, {{Japanese}} and {{Korean}} speakers},
	volume = {15},
	year = {1999}
}

@article{Liao2007,
	author = {Liao, Posen},
	journal = {English Teaching and Learning},
	number = {1},
	pages = {43--76},
	title = {Teachers’ beliefs about teaching {{English}} to elementary school children},
	volume = {31},
	year = {2007}
}

@article{LiEtAl2016,
	author = {Li, Jennifer and Steele, Jennifer and Slater, Robert O. and Bacon, Michael and Miller, Trey},
	doi = {10.3152.2016.1118669},
	journal = {International Multilingual Research Journal},
	number = {1},
	pages = {31--43},
	title = {Teaching Practices and Language Use in Two-Way Dual Language Immersion Programs in a Large Public School District},
	volume = {10},
	year = {2016}
}

@article{LiDeKeyser2019,
	author = {Li, Man and DeKeyser, Robert},
	journal = {The Modern Language Journal},
	number = {3},
	pages = {607--628},
	title = {Distribution of practice effects in the acquisition and retention of {L2} {{Mandarin}} tonal word production},
	volume = {103},
	year = {2019}
}

@article{LeeKim2010,
	author = {Lee, Hangeun and Kim, Kyung Hee},
	journal = {Creativity Research Journal},
	pages = {402--407},
	title = {Relationships between bilingualism and adaptive creative style, innovative creative style, and creative strengths among {{Korean}} {{American}} students},
	volume = {22},
	year = {2010}
}

@article{Lazaruk2007,
	author = {Lazaruk, Wally},
	journal = {Canadian Modern Language Review},
	pages = {605--627},
	title = {Linguistic, academic, and cognitive benefits of {{French}} immersion},
	volume = {63},
	year = {2007}
}

@article{LausbergSloetjes2009,
	author = {Lausberg, Hedda and Sloetjes, Han},
	journal = {Behavior Research Methods, Instruments, \& Computers},
	number = {3},
	pages = {841--849},
	title = {Coding gestural behavior with the {\textsc{neuroges}}-{\textsc{elan}} system},
	volume = {41},
	year = {2009}
}

@article{LaurentMartinot2010,
	author = {Laurent, Angélique and Martinot, Clara},
	journal = {Reading and Writing},
	pages = {435--452},
	title = {Bilingualism and phonological awareness: {The} case of bilingual ({{French}}‐{Occitan}) children},
	volume = {23},
	year = {2010}
}

@article{LasagabasterSierra2009,
	author = {Lasagabaster, David and Sierra, Juan Manuel},
	journal = {International CLIL Research Journal},
	pages = {4--17},
	title = {Language attitudes in {{CLIL}} and traditional {{EFL}} classes},
	volume = {12},
	year = {2009}
}

@article{Lardiere2009,
	author = {Lardiere, Donna},
	journal = {Second Language Research},
	number = {2},
	pages = {173--227},
	title = {Some thoughts on a contrastive analysis of features in second language acquisition},
	volume = {25},
	year = {2009}
}

@article{KuskaEtAl2010,
	author = {Kuska, Sandra Kristina and Zaunbauer, Anna C. M. and Möller, Jens},
	journal = {Zeitschrift für Entwicklungspsychologie und pädagogische Psychologie},
	pages = {143--153},
	sortname = {Kuska, Sandra Kristina and Zaunbauer, Anna C. M. and Moller, Jens},
	title = {Immersion programs in {{German}} elementary schools},
	volume = {42},
	year = {2010}
}

@article{KrepelEtAl2021,
	author = {Krepel, Alexander and {de Bree}, Elise H. and {de Jong}, Peter F.},
	journal = {Reading and Writing},
	pages = {467--496},
	title = {Does the availability of orthography support {L2} learning?},
	volume = {34},
	year = {2021}
}

@article{KostandyanLedovaya2013,
	author = {Kostandyan, М. E. and Ledovaya, Y. A.},
	journal = {Procedia‐Social and Behavioral Sciences},
	pages = {140--145},
	sortname = {Kostandyan, Мariam E. and Ledovaya, Y. A.},
	title = {How the age of language acquisition relates to creativity},
	volume = {86},
	year = {2013}
}

@article{KocamanCansiz2012,
	author = {Kocaman, Orhan and Cansiz, Gökhan},
	journal = {Procedia-Social and Behavioural Sciences},
	pages = {799--808},
	sortname = {Kocaman, Orhan and Cansiz, Gokhan},
	title = {Teachers’ beliefs about teaching {{English}} to elementary school children},
	volume = {55},
	year = {2012}
}

@article{KnopfNeidhardt1989,
	author = {Knopf, Monika and Neidhardt, Eva},
	journal = {Developmental Psychology},
	number = {5},
	pages = {780--786},
	title = {Aging and memory for action events: {The} role of familiarity},
	volume = {25},
	year = {1989}
}

@article{KnellEtAl2007,
	author = {Knell, Ellen and Qiang, Haiyan and Pei, Miao and Chi, Yanping and Siegel, Linda S. and Zhao, Lin and Zhao, Wei},
	journal = {The Modern Language Journal},
	pages = {395--417},
	title = {Early {{English}} immersion and literacy in {Xi}'an, {{China}}},
	volume = {91},
	year = {2007}
}

@article{Kharkhurin2010,
	author = {Kharkhurin, Anatolij V.},
	journal = {International Journal of Bilingualism},
	pages = {211--226},
	title = {Bilingual verbal and nonverbal creative behavior},
	volume = {14},
	year = {2010}
}

@article{Kharkhurin2009,
	author = {Kharkhurin, Anatolij V.},
	journal = {Journal of Creative Behavior},
	pages = {59--71},
	title = {The role of bilingualism in creative performance on divergent thinking and invented alien creatures tests},
	volume = {43},
	year = {2009}
}

@article{KellyEtAl2009,
	author = {Kelly, Spencer D. and McDevitt, Tara and Esch, Megan},
	journal = {Language and Cognitive Processes},
	number = {2},
	pages = {313--334},
	title = {Brief training with co-speech gestures lends a hand to word learning in a foreign language},
	volume = {204},
	year = {2009}
}

@article{KasprowiczMarsden2018,
	author = {Kasprowicz, Rowena E. and Marsden, Emma},
	journal = {Applied Linguistics},
	number = {6},
	pages = {886--911},
	title = {Towards ecological validity in research into input-based practice: {Form} spotting can be as beneficial as form-meaning practice},
	volume = {39},
	year = {2018}
}

@article{KasprowiczEtAl2019,
	author = {Kasprowicz, Rowena E. and Mardsen, Emma and Sephton, Nick},
	journal = {The Modern Language Journal},
	number = {3},
	pages = {580--606},
	title = {Investigating distribution of practice effects for the learning of foreign language verb morphology in the young learner classroom},
	volume = {103},
	year = {2019}
}



@article{JaekelEtAl2017,
	author = {Jaekel, Nils and Schurig, Michael and Florian, Merle and Ritter, Markus},
	journal = {Language Learning},
	number = {3},
	pages = {631--664},
	title = {From early starters to late finishers? {A} longitudinal study of early foreign language learning in school},
	volume = {67},
	year = {2017}
}

@article{Jackson2007,
	author = {Jackson, Carrie},
	journal = {The Modern Language Journal},
	number = {3},
	pages = {418--432},
	title = {The use and non-use of semantic information, word order and case-markings during comprehension by {L2} learners of {{German}}},
	volume = {91},
	year = {2007}
}

@article{IndrarathneKormos2018,
	author = {Indrarathne, Bimali and Kormos, Judit},
	journal = {Bilingualism: Language and Cognition},
	number = {2},
	pages = {355--374},
	title = {The role of working memory in processing {L2} input: {Insights} from eye-tracking},
	volume = {21},
	year = {2018}
}

@article{HwangLardiere2013,
	author = {Hwang, Sun Hee and Lardiere, Donna},
	journal = {Second Language Research},
	number = {1},
	pages = {57--86},
	title = {Plural-marking in {L2} {{Korean}}: {A} feature-based approach},
	volume = {29},
	year = {2013}
}

@article{HuntEtAl2005,
	author = {Hunt, Marilyn and Barnes, Ann and Powell, Bob and Lindsay, Geoff and Muijs, Daniel},
	journal = {Research Papers in Education},
	number = {4},
	pages = {371--390},
	title = {Primary modern foreign languages: {An} overview of recent research, key issues and challenges for educational policy and practice},
	doi = {10.1080/500335774},
	volume = {20},
	year = {2005}
}

@article{Hulstijn2005,
	author = {Hulstijn, Jan H.},
	journal = {Studies in Second Language Acquisition},
	number = {2},
	pages = {129--140},
	title = {Theoretical and empirical issues in the study of implicit and explicit second-language learning: {Introduction}},
	volume = {27},
	year = {2005}
}

@article{Huensch2019,
	author = {Huensch, Amanda},
	doi = {10.1111/flan.12372},
	journal = {Foreign Language Annals},
	number = {1},
	pages = {13--31},
	title = {The pronunciation teaching practices of university‐level graduate teaching assistants of {{French}} and {{Spanish}} introductory language courses},
	volume = {52},
	year = {2019}
}

@article{HorstEtAl2010,
	author = {Horst, Marlise and White, Joanna and Bell, Philippa},
	journal = {International Journal of Bilingualism},
	number = {3},
	pages = {331--349},
	title = {First and second language knowledge in the language classroom},
	volume = {14},
	year = {2010}
}

@article{Hood2006,
	author = {Hood, Philip},
	journal = {Pastoral Care in Education},
	pages = {4--12},
	title = {Can early foreign language learning contribute to the shared emotional and motivational landscape of a primary school?},
	volume = {24},
	year = {2006}
}

@article{Holster2005,
	author = {{Holster Stewart}, Janice},
	journal = {Early Childhood Education Journal},
	pages = {11--16},
	title = {Foreign language study in {Elementary} schools: {Benefits} and implications for achievement in reading and math},
	volume = {33},
	year = {2005}
}

@article{Holmberg2005,
	author = {Holmberg, Anders},
	journal = {Linguistic Inquiry},
	pages = {533--564},
	title = {Is there a little \textit{pro}? {Evidence} from {{Finnish}}},
	volume = {36},
	year = {2005}
}

@article{Hild2017,
	author = {Hild, Gabriella},
	doi = {10.14746/ssllt.2017.7.4.7.},
	journal = {Studies in Second Language Learning and Teaching},
	number = {4},
	pages = {695--714},
	title = {A case study of a {{Hungarian}} {{EFL}} teacher’s assessment practices with her young learners},
	volume = {7},
	year = {2017}
}

@article{Hertel2003,
	author = {Hertel, Tammy J.},
	journal = {Second Language Research},
	number = {4},
	pages = {273--304},
	title = {Lexical and discourse factors in the second language acquisition of {{Spanish}} word order},
	volume = {19},
	year = {2003}
}

@article{HallCook2012,
	author = {Hall, Graham and Cook, Guy},
	journal = {Language Teaching},
	number = {3},
	pages = {271--308},
	title = {Own-Language Use in Language Teaching and Learning},
	volume = {45},
	year = {2012}
}

@article{Gutierrez2016,
	author = {Gutiérrez, Xavier},
	journal = {System},
	pages = {42--54},
	sortname = {Gutierrez, Xavier},
	title = {Analyzed knowledge, metalanguage, and second language proficiency},
	volume = {60},
	year = {2016}
}

@article{Grinstead2004,
	author = {Grinstead, John},
	journal = {Language},
	pages = {40--72},
	title = {Subjects and interface delay in child {{Spanish}} and {{Catalan}}},
	volume = {80},
	year = {2004}
}

@article{GobertEtAl2015,
	author = {Gobert, Janice and Ryan Baker and Wixon, Michael},
	journal = {Educational Psychologist},
	number = {1},
	pages = {43--57},
	title = {Operationalising and detecting disengagement with online science microworlds},
	volume = {50},
	year = {2015}
}

@article{GhonsoolyShowqi2012,
	author = {Ghonsooly, Behzad and Showqi, Sara},
	journal = {English Language Teaching},
	number = {4},
	pages = {161--167},
	title = {The effects of foreign language learning on creativity},
	volume = {5},
	year = {2012}
}

@article{GathercoleEtAl1992,
	author = {Gathercole, Susan E. and Willis, Catherine S. and Emslie, Hazel and Baddeley, Alan D.},
	journal = {Developmental Psychology},
	number = {5},
	pages = {887--898},
	title = {Phonological memory and vocabulary development during the early school years: {A} longitudinal study},
	volume = {28},
	year = {1992}
}

@article{FurstGrin2018,
	author = {Fürst, Guillaume and Grin, François},
	journal = {Journal of Multilingual and Multicultural Development},
	number = {4},
	pages = {341--355},
	sortname = {Furst, Guillaume and Grin, Francois},
	title = {Multilingualism and creativity: {A} multivariate approach},
	volume = {39},
	year = {2018}
}

@article{Friedman2016,
	author = {Friedman, Naomi P.},
	journal = {Linguistic Approaches to Bilingualism},
	number = {5},
	pages = {535--548},
	title = {Research on individual differences in executive functions: {Implications} for the bilingual advantage hypothesis},
	volume = {6},
	year = {2016}
}

@article{FoxEtAl2020,
	author = {Fox, Rebecca and Corretjer, Olga and Webb, Kelley},
	journal = {Foreign Language Annals},
	number = {4},
	pages = {699--726},
	title = {Benefits of foreign language learning and bilingualism: {An} analysis of published empirical research 2012--2019},
	volume = {52},
	year = {2020}
}

@article{FoxEtAl2019,
	author = {Fox, Rebecca and Corretjer, Olga and Webb, Kelley and Tian, Jie},
	journal = {Foreign Language Annals},
	number = {3},
	pages = {470--490},
	title = {Benefits of foreign language learning and bilingualism: {An} analysis of published empirical research 2005--2011},
	volume = {52},
	year = {2019}
}

@article{FosterEtAl2000,
	author = {Foster, Pauline and Tonkyn, Alan and Wigglesworth, Gillian},
	doi = {10.1093/applin/21.3.354},
	journal = {Applied Linguistics},
	number = {3},
	pages = {354--375},
	title = {Measuring spoken language: {A} unit for all reasons},
	volume = {21},
	year = {2000}
}

@article{FortuneTedick2015,
	author = {Fortune, Tara W. and Tedick, Diane J.},
	doi = {10.1111/modl.12275},
	journal = {The Modern Language Journal},
	number = {4},
	pages = {637--655},
	title = {Oral Proficiency Assessment of {{English}}-Proficient {K}-8 {{Spanish}} Immersion Students},
	volume = {99},
	year = {2015}
}

@article{ForsytheEtAl2021,
	author = {Forsythe, Hannah and Greeson, Daniel and Schmitt, Cristina},
	journal = {Language Learning and Development},
	pages = {171--200},
	title = {After the null subject parameter: {Acquisition} of the null-overt contrast in {{Spanish}}},
	volume = {18},
	number = {2},
	year = {2021}
}

@article{Fernandez1989,
	author = {Fernández Soriano, Olga},
	journal = {MIT Working Papers in Linguistics},
	pages = {228--240},
	sortname = {Fernandez Soriano, Olga},
	title = {Strong pronouns in null subject languages and the {Avoid} {Pronoun} {Principle}},
	volume = {11},
	year = {1989}
}

@article{EngeldeAbreuGathercole2012,
	author = {{Engel de Abreu}, Pascale M. J. and Gathercole, Susan E.},
	journal = {Journal of Educational Psychology},
	number = {4},
	pages = {974--986},
	title = {Executive and phonological processes in second language acquisition},
	volume = {104},
	year = {2012}
}

@article{Ellis2004,
	author = {Ellis, Rod},
	journal = {Language Learning},
	number = {2},
	pages = {227--275},
	title = {The definition and measurement of {L2} explicit knowledge},
	volume = {54},
	year = {2004}
}

@article{DufvaVoeten2001,
	author = {Dufva, Mia and Voeten, Marinus J. M.},
	journal = {Applied Psycholinguistics},
	number = {3},
	pages = {329--348},
	title = {Native language literacy and phonological memory as prerequisites for learning {{English}} as a foreign language},
	volume = {20},
	year = {2001}
}

@article{DuffPolio1990,
	author = {Duff, Patricia A. and Polio, Charlene G.},
	doi = {10.1111/j.1540-4.tb02561.x},
	journal = {The Modern Language Journal},
	number = {2},
	pages = {154--166},
	title = {How Much Foreign Language Is There in the Foreign Language Classroom?},
	volume = {74},
	year = {1990}
}

@article{DriscollEtAl2013,
	author = {Driscoll, Patricia and Earl, Justine and Cable, Carrie},
	journal = {Language, Culture and Curriculum},
	number = {2},
	pages = {146--160},
	title = {The role and nature of the cultural dimension in primary modern languages},
	volume = {26},
	year = {2013}
}

@article{DominguezPessoa2005,
	author = {Domínguez, R. and Pessoa, S.},
	journal = {Foreign Language Annals},
	pages = {473--483},
	sortname = {Dominguez, Rocio and Pessoa, Silvia},
	title = {Early versus late start in foreign language education: {Documenting} achievements},
	volume = {38},
	year = {2005}
}

@article{DominguezEtAl2013,
	author = {Domínguez, Laura and Tracy-Ventura, Nicole and Arche, Maria J. and Mitchell, Rosamond and Myles, Florence},
	journal = {Bilingualism: Language and Cognition},
	number = {3},
	pages = {558--577},
	title = {The role of dynamic contrasts in the {L2} acquisition of {{Spanish}} past tense morphology},
	volume = {16},
	year = {2013}
}

@article{DominguezArche2014,
	author = {Domínguez, Laura and Arche, María J.},
	journal = {Lingua},
	pages = {243--265},
	sortname = {Dominguez, Laura and Arche, Maria J.},
	title = {Subject inversion in non-native {{Spanish}}},
	volume = {145},
	year = {2014}
}

@article{Dippold2006,
	author = {Dippold, Doris},
	journal = {Language, Culture and Identity in Applied Linguistics},
	number = {10},
	pages = {163--180},
	title = {Face in {L2} argumentative discourse: {Psycholinguistic} constraints on the construction of identity},
	volume = {21},
	year = {2006}
}

@article{DeWildeEtAl2021,
	author = {{De Wilde}, Vanessa and Brysbaert, Marc and Eyckmans, June},
	journal = {Studies in Second Language Acquisition},
	pages = {87--111},
	title = {Formal versus informal learning: {How} do individual differences and word-related variables influence {{French}} and {{English}} {L2} vocabulary learning in {{Dutch}} speaking children?},
	volume = {44},
	number = {1},
	year = {2021},
	doi = {10.1017/S0272263121000097}
}

@article{DeJongEtAl2013,
	author = {{De Jong}, Nivja H. and Steinel, Margarita P. and Florijn, Arjen and Schoonen, Rob and Hulstijn, Jan H.},
	journal = {Applied Psycholinguistics},
	number = {5},
	pages = {893--916},
	title = {Linguistic skills and speaking fluency in a second language},
	volume = {34},
	year = {2013}
}

@article{DeBruinEtAl2015,
	author = {{de Bruin}, Angela and Treccani, Barbara and {Della Sala}, Sergio},
	journal = {Psychological Science},
	number = {1},
	pages = {99--107},
	title = {Cognitive advantages in {bilingualism}: {An} example of publication bias?},
	volume = {26},
	year = {2015}
}




@article{DeSousa2012,
	author = {{De Sousa}, Diana Soares},
	journal = {Journal of Communications Research},
	number = {4},
	pages = {301--334},
	title = {Literacy acquisition and bilingualism: {The} effect of biliteracy instruction on {{{English}}} reading achievement in bilingual {{Afrikaans}}‐{{{English}}} {{South}} {{African}} children},
	volume = {4},
	year = {2012}
}

@article{CulmanEtAl2009,
	author = {Culman, Hillah and Henry, Nicholas and VanPatten, Bill},
	journal = {Die Unterrichtspraxis},
	number = {1},
	pages = {19--31},
	title = {The role of explicit information in instructed {{SLA}}: {An} online study with processing instruction and {{German}} accusative case inflections},
	volume = {42},
	year = {2009}
}

@article{CraikLockhart1972,
	author = {Craik, Fergus I. M. and Lockhart, Robert S.},
	journal = {Journal of Verbal Learning and Verbal Behaviour},
	number = {6},
	pages = {671--684},
	title = {Levels of processing: {A} framework for memory research},
	volume = {11},
	year = {1972}
}

@article{CoyleGómezGracia2014,
	author = {Coyle, Yvette and Gómez Gracia, Remei},
	journal = {ELT Journal},
	number = {3},
	pages = {276--285},
	sortname = {Coyle, Yvette and Gomez Gracia, Remei},
	title = {Using songs to enhance {L2} vocabulary acquisition in preschool children},
	volume = {68},
	year = {2014}
}

@article{Coyle2007,
	author = {Coyle, Do},
	journal = {International Journal of Bilingual Education and Bilingualism},
	pages = {543--562},
	title = {Content and language integrated learning: {Towards} a connected research agenda for {{CLIL}} pedagogies},
	volume = {105},
	year = {2007}
}

@article{Coyle2006,
	author = {Coyle, Do},
	journal = {Scottish Language Review},
	pages = {1--18},
	title = {Content and language integrated learning motivating learners and teachers},
	volume = {13},
	year = {2006}
}

@article{CostleyEtAl2020,
	author = {Costley, Tracey and Gkonou, Christina and Myles, Florence and Roehr-Brackin, Karen and Tellier, Angela},
	journal = {The Language Learning Journal},
	number = {5},
	pages = {643--655},
	title = {Multilingual and monolingual children in the primary-level language classroom: {Individual} differences and perceptions of foreign language learning},
	volume = {48},
	year = {2020}
}

@article{Cordingley2015,
	author = {Cordingley, Phillipa},
	journal = {Oxford Review of Education},
	number = {2},
	pages = {234--252},
	title = {The contribution of research to teachers’ professional learning and development},
	volume = {41},
	year = {2015}
}

@article{ClementsDomínguez2017,
	author = {Clements, Maria and Domínguez, Laura},
	journal = {Linguistic Approaches to Bilingualism},
	number = {1},
	pages = {33--62},
	sortname = {Clements, Maria and Dominguez, Laura},
	title = {Reexamining the acquisition of null subject pronouns in a second language: {Focus} on referential and pragmatic constraints},
	volume = {7},
	year = {2017}
}

@article{ClarkPaivio1991,
	author = {Clark, James M. and Paivio, Allan},
	journal = {Educational Psychology Review},
	number = {3},
	pages = {149--210},
	title = {Dual coding theory and education},
	volume = {3},
	year = {1991}
}

@article{ChoSlabakova2014,
	author = {Cho, Jacee and Slabakova, Roumyana},
	journal = {Second Language Research},
	number = {2},
	pages = {159--190},
	title = {Interpreting definiteness in a second language without articles: {The} case of {L2} {{Russian}}},
	volume = {30},
	year = {2014}
}

@article{Chalmers2018,
	author = {Chalmers, Hamish},
	journal = {ResearchED Magazine},
	number = {2},
	pages = {12--13},
	title = {Why all the fuss about {randomised} {trials}?},
	volume = {1},
	year = {2018}
}

@article{Canning2009,
	author = {Canning, John},
	journal = {Journal of Employability and the Humanities},
	title = {A skill or a discipline? {An} examination of employability and the study of modern foreign languages},
	url = {https://eprints.soton.ac.uk/50392/1/JCanningArticle.pdf},
	volume = {3},
	year = {2009},
}

@article{Butler2005,
	author = {Butler, Yuko Goto},
	journal = {Language Teaching Research},
	pages = {423--446},
	title = {Comparative perspectives towards communicative activities among elementary school teachers in {{South}} {{Korea}}, {{Japan}} and {{Taiwan}}},
	volume = {9},
	year = {2005}
}

@article{Burstall1975,
	author = {Burstall, Clare},
	doi = {10.1080/0013188750170304},
	journal = {Educational Research Volume},
	number = {3},
	title = {Primary {{French}} in the balance: {The} “{Nuffield}” {Pilot}},
	volume = {17},
	year = {1975}
}

@article{BurkhauserEtAl2016,
	author = {Burkhauser, Susan and Steele, Jennifer L. and Li, Jennifer and Slater, Robert O. and Bacon, Michael and Miller, Trey},
	doi = {10.1111/flan.12218},
	journal = {Foreign Language Annals},
	number = {3},
	pages = {415--433},
	title = {Partner-Language Learning Trajectories in Dual-Language Immersion: {Evidence} From an Urban District},
	volume = {49},
	year = {2016}
}

@article{BrysonHand2007,
	author = {Bryson, Colin and Hand, Len},
	journal = {Innovations in Education and Teaching International},
	number = {4},
	pages = {349--362},
	title = {The role of engagement in inspiring teaching and learning},
	volume = {44},
	year = {2007}
}



@article{BialystokFeng2009,
	author = {Bialystok, Ellen and Feng, Xiaojia},
	journal = {Brain and Language},
	pages = {93--100},
	title = {Language proficiency and executive control in proactive interference: {Evidence} from monolingual and bilingual children and adults},
	volume = {109},
	year = {2009}
}

@article{BialystokEtAl2012,
	author = {Bialystok, Ellen and Craik, Fergus I. M. and Luk, Gigi},
	journal = {Trends in Cognitive Sciences},
	number = {4},
	pages = {240--250},
	title = {Bilingualism: {Consequences} for mind and brain},
	volume = {16},
	year = {2012}
}

@article{BellettiEtAl2007,
	author = {Belletti, Adriana and Bennati, Elisa and Sorace, Antonella},
	journal = {Natural Language and Linguistic Theory},
	number = {4},
	pages = {657--689},
	title = {Theoretical and developmental issues in the syntax of subjects: {Evidence} from near-native {{Italian}}},
	volume = {25},
	year = {2007}
}



@article{BellEtAl2020,
	author = {Bell, Philippa and Fortier, Véronique and Gauvin, Isabelle},
	journal = {Language Awareness},
	number = {2},
	pages = {95--113},
	title = {Using {L1} knowledge about language during {L2} error correction: {{D}}o students make cross-linguistic connections?},
	volume = {29},
	year = {2020}
}

@article{Bayley1991,
	author = {Bayley, Susan},
	doi = {10.1080/0022062910230202},
	journal = {Journal of Educational Administration and History},
	number = {2},
	pages = {11--24},
	title = {Modern Languages: {An} “Ideal of Humane Learning”: {The} {Leathes} {Report} of 1918},
	volume = {23},
	year = {1991}
}

@article{Bawden2021,
	author = {Bawden, Anna},
	journal = {The Guardian},
	title = {Millions of pupils in {{England}} had no language teaching in lockdowns -- survey},
	url = {https://www.theguardian.com/education/2021/jul/08/millions-of-pupils-in-england-had-no-language-teaching-in-lockdowns-survey},
	note = {08/07/2021},
	year = {2021},
}

@article{Barrios2014,
	author = {Barrios, Elvira},
	journal = {Porta Linguarum},
	pages = {73--93},
	title = {Beliefs about the learning of a language of the future teachers of {{English}} of primary education},
	volume = {22},
	year = {2014}
}

@article{Barbosa2009,
	author = {Barbosa, Pilar},
	journal = {Studia Linguistica},
	pages = {2--58},
	title = {Two kinds of subject \textit{pro}},
	volume = {63},
	year = {2009}
}

@report{Annan1962,
	author = {Annan, Noel},
	publisher = {HMSO},
	title = {Report on the Teaching of {{Russian}}},
	address = {London},
	year = {1962},
	institution = {UK Parliament},
}

@report{OECD2014,
	author = {{OECD}},
	publisher = {OECD Publishing},
	title = {Education at a Glance 2014: {OECD} Indicators},
	year = {2014},
	institution = {OECD},
	doi = {10.1787/eag-2014-en},
}

@article{AmmarEtAl2010,
	author = {Ammar, Ahlem and Lightbown, Patsy M. and Spada, Nina},
	journal = {Language Awareness},
	number = {2},
	pages = {129--146},
	title = {Awareness of {L1}/{L2} differences: {{D}}oes it matter?},
	volume = {19},
	year = {2010}
}

@article{Allen1995,
	author = {Allen, Linda Quinn},
	journal = {The Modern Language Journal},
	number = {4},
	pages = {521--529},
	title = {The effects of emblematic gestures on the development and access of mental representations of {{French}} expressions},
	volume = {79},
	year = {1995}
}

@article{AlexiadouAnagnostopoulou1998,
	author = {Alexiadou, Artemis and Anagnostopoulou, Elena},
	journal = {Natural Language and Linguistic Theory},
	pages = {491--539},
	title = {Parameterizing {{AGR}}: {Word} Order, {V}-Movement and {{EPP}}-Checking},
	volume = {16},
	year = {1998}
}


@report{Devlin2015,
	author = {Devlin, Kat},
	institution = {Pew Research Centre},
	title = {Learning a foreign language a “must” in {{Europe}}, not so in {{America}}},
	url = {https://www.pewresearch.org/fact-tank/2015/07/13/learning-a-foreign-language-a-must-in-europe-not-so-in-america/},
	year = {2015}
}

@report{CableEtAl2010,
	address = {London},
	author = {Cable, Carrie and Driscoll, Patricia and Mitchell, Rosamond and Sing, Sue},
	institution = {Department for Children Schools and Families},
	title = {Languages Learning at {{Key}} {Stage} 2: {A} longitudinal study},
	year = {2010}
}


@book{Cable2010,
	note = {Research Report DCSF RR198},
	address = {London},
	author = {Cable, Carrie and Patricia Driscoll and Rosamond Mitchell and  R. Sue Sing and Teresa Cremin and Justine Earl and Ian Ayres and Bernardette Holmes and Cynthia Martin and Barbara Heins},
	publisher = {Department for Children Schools and Families},
	title = {Languages Learning at {Key} Stage 2, {A} Longitudinal Study: {Final} Report},
	year = {2010},
}

@book{Hakes1980,
	address = {Berlin; Heidelberg},
	author = {Hakes, David T.},
	publisher = {Springer},
	title = {The Development of Metalingustic Abilities in Children},
	year = {1980}
}

@book{Dominguez2013,
	address = {Amsterdam},
	author = {Domínguez, Laura},
	publisher = {John Benjamins},
	sortname = {Dominguez, Laura},
	title = {Understanding {Interfaces}: {Second} language acquisition and first language attrition of {{Spanish}} subject realization and word order variation},
	year = {2013}
}



@article{Sorace2011,
	author = {Sorace, Antonella},
	journal = {Linguistic Approaches to Bilingualism},
	number = {1},
	pages = {1--33},
	title = {Pinning down the concept of “interface” in bilingualism},
	volume = {1},
	year = {2011}
}

@article{Sorace2004,
	author = {Sorace, Antonella},
	journal = {Bilingualism: Language and Cognition},
	pages = {143--145},
	title = {Native language attrition and developmental instability at the syntax-discourse interface: {Data}, interpretations and methods},
	volume = {7},
	year = {2004}
}

@article{Sorace2000,
	author = {Sorace, Antonella},
	journal = {Language},
	number = {4},
	pages = {859--890},
	title = {Gradients in auxiliary selection with intransitive verbs},
	volume = {76},
	year = {2000}
}




@article{Roothoft2017,
	author = {Roothoft, Hanne},
	journal = {Pulso},
	pages = {211--225},
	title = {Primary teachers' beliefs about teaching {{English}} to young learners},
	url = {https://revistas.cardenalcisneros.es/index.php/PULSO/article/view/264/217},
	volume = {40},
	year = {2017}
}

@article{Roehr-BrackinTellier2019,
	author = {Roehr-Brackin, Karen and Tellier, Angela},
	doi = {10.1017/S0272263119000214},
	journal = {Studies in Second Language Acquisition},
	pages = {1111--1131},
	title = {The role of language-analytic ability in children’s instructed second language learning},
	volume = {41},
	number = {5},
	year = {2019}
}



@article{LehtonenEtAl2018,
	author = {Lehtonen, Minna and Soveri, Anna and Laine, Aini and Järvenpää, Janica and {de Bruin}, Angela and Antfolk, Jan},
	doi = {10.1037/bul0000142},
	journal = {Psychological Bulletin},
	pages = {1--33},
	sortname = {Lehtonen, Minna and Soveri, Anna and Laine, Aini and Jarvenpaa, Janica and {de Bruin}, Angela and Antfolk, Jan},
	title = {Is bilingualism associated with enhanced executive functioning in adults? {A} meta-analytic review},
	volume = {144},
	number = {4},
	year = {2018}
}


@article{Gobert2015,
	author = {Gobert, Janice, Ryan Baker and Wixon, Michael},
	journal = {Educational Psychologist},
	number = {1},
	pages = {43--57},
	title = {Operationalising and detecting disengagement with online science microworlds},
	volume = {50},
	year = {2015}
}



@article{Dominguez2019,
	author = {Domínguez, Laura},
	journal = {Dutch Journal of Applied Linguistics},
	number = {1},
	pages = {41--66},
	sortname = {Dominguez, Laura},
	title = {A “mixed methods” approach for investigating {Aspect} in a second language: {Evidence} from the {{SPLLOC}} project},
	volume = {8},
	year = {2019}
}

@article{DeKeyser2012,
	author = {DeKeyser, Robert},
	journal = {Language Learning},
	number = {S2},
	pages = {189--200},
	title = {Interactions between individual differences, treatments, and structures in {{SLA}}},
	volume = {62},
	year = {2012}
}






@report{Collen2021,
	author = {Collen, Ian},
  institution  = {British Council},
  title   = {Language Trends 2021: {Language} teaching in primary and secondary schools in {England}},
  year    = {2021},
  url     = {https://www.britishcouncil.org/sites/default/files/language_trends_2021_report.pdf},
}

@InCollection{Wesche2002,
  author    = {Wesche, Marjorie Bingham},
  title     = {Early {{French}} immersion: {How} has the original {Canadian} model stood the test of time},
  booktitle = {An Integrated View of Language Development: {Papers} in honor of {Henning} {Wode}},
  publisher = {Wissenschaftlicher Verlag Trier},
  year      = {2002},
  editor    = {Andreas Rohde and Henning Wode and Thorsten Piske and Burmeister, Petra},
  pages     = {357--379},
  address   = {Trier, Germany},
}

@InCollection{Tracy-VenturaEtAl2014,
  author    = {Tracy-Ventura, Nicole and McManus, Kevin and Norris, John and Ortega, Lourdes},
  title     = {“{Repeat} as much as you can”: {Elicited} imitation as a measure of oral proficiency in {L2} {{French}}},
  booktitle = {Measuring {L2} Proficiency: {Perspectives} from {{SLA}}},
  publisher = {Multilingual Matters},
  year      = {2014},
  editor    = {Leclercq, Pascale and Edmonds, Amanda and Hilton, Heather},
  pages     = {143--166},
  address   = {Bristol},
}

@InCollection{Dalton-Puffer2008,
  author    = {Dalton-Puffer, C.},
  title     = {Outcomes and processes in content and language integrated learning ({{CLIL}}): {Current} research from {{Europe}}},
  booktitle = {Future Perspectives for {{English}} Language Teaching},
  publisher = {Carl Winter},
  year      = {2008},
  editor    = {Werner Delanoy and Laurenz Volkmann},
  pages     = {139--157},
  address   = {Heidelberg},
}

@InCollection{Alexiou2009,
  author       = {Alexiou, Thomas},
  title        = {Young learners’ cognitive skills and their role in foreign language vocabulary learning},
  booktitle    = {Early Learning of Modern Foreign Languages: {Processes} and outcomes},
  publisher    = {Multilingual Matters},
  year         = {2009},
  pages        = {46--61},
  address      = {Clevedon},
  editor = {Nikolov, Marianne},
	doi = {10.21832/9781847691477-006}
}

@Book{Roehr-Brackin2018,
  title     = {Metalinguistic Awareness and {Second} {Language} {Acquisition}},
  publisher = {Routledge},
  year      = {2018},
  author    = {Roehr-Brackin, Karen},
  address   = {New York},
}

@article{MuñozEtAl2021,
  title     = {Audio-visual input for learning {L2} vocabulary and grammatical constructions},
  publisher = {10},
  year      = {2021},
  author    = {Muñoz, Carmen and Pujadas, Geòrgia and Pattemore, Anastasiia},
  journal   = {Second Language Research},
  doi    = {10.1177/02676583211015797},
  sortname  = {Munoz, Carmen and Pujadas, Georgia and Pattemore, Anastasiia},
}

@Book{MehistoEtAl2008,
  title     = {Uncovering {{CLIL}}: {Content} and language integrated learning in bilingual and multilingual education},
  publisher = {Macmillan Education},
  year      = {2008},
  author    = {Mehisto, Peeter and Marsh, David and Frigols, María Jesús},
  address   = {Oxford},
}




@report{Churchward2019,
  title     = {Recent trends in modern foreign language exam entries in anglophone countries},
  number = {Ofqual/19/6557/3},
  year      = {2019},
  author    = {Churchward, Darren},
  institution   = {Ofqual},
  url       = {https://assets.publishing.service.gov.uk/government/uploads/system/uploads/attachment_data/file/844128/Recent_trends_in_modern_foreign_language_exam_entries_in_anglophone_countries_-_FINAL65573.pdf},
}

@Book{ChristensonEtAl2012,
  title     = {Handbook of Research on Student Engagement},
  publisher = {Springer},
  year      = {2012},
  editor    = {Christenson, Sandra and Reschly, Amy and Wylie, Cathy},
  address   = {New York},
  booktitle = {Handbook of research on student engagement},
}

@report{Bauckham2016,
  title     = {Modern Foreign Languages Pedagogy Review: {A} review of modern foreign languages teaching practice in key stage 3 and key stage 4},
  intitution = {Teaching Schools Council},
  year      = {2016},
  author    = {Bauckham, Ian},
  url       = {https://tscouncil.org.uk/wp-content/uploads/2016/12/MFL-Pedagogy-Review-Report-2.pdf},
}

@report{Baldwin2021,
  title     = {The {{Spanish}} {First} Language Initiative},
  intitution = {Language Acts and Worldmaking},
  year      = {2021},
  author    = {Baldwin, Cathy},
	type = {{Evaluation} Report},
  url       = {https://languageacts.org/documents/200/Spanish_First_Language_Initiative_Evaluation_Report_final.pdf},
}

@Book{Baker2000,
  title     = {Multilingual Capital: {The} Languages of {{London}}'s School Children and their Relevance to Economic, Social and Educational Policies},
  publisher = {Battlebridge Publications},
  year      = {2000},
  editor    = {Baker, Philip and Eversley, John},
  address   = {London},
  sortname  = {Baker, Philip and Eversley, John},
}

@Article{VanPattenBorst2012,
  author  = {VanPatten, Bill and Borst, Stefanie},
  title   = {The role of explicit information and grammatical sensitivity in processing instruction: {Nominative}-accusative case marking and word order in {{German}} {L2}},
  journal = {Foreign Language Annals},
  year    = {2012},
  volume  = {45},
  number  = {1},
  pages   = {92--109},
}

@Article{TaylorMarsden2014,
  author  = {Taylor, Florentina and Marsden, Emma},
  title   = {Perceptions, Attitudes, and Choosing to Study Foreign Languages in {{England}}: {An} Experimental Intervention},
  journal = {The Modern Language Journal},
  year    = {2014},
  volume  = {984},
  pages   = {902--920},
}

@Article{SparksEtAl2006,
  author  = {Sparks, Richard L. and Patton, Jon and Ganschow, Leonore and Humbach, Nancy and Javorksy, James},
  title   = {Native language predictors of foreign language proficiency and foreign language aptitude},
  journal = {Annals of Dyslexia},
  year    = {2006},
  volume  = {56},
  pages   = {129--160},
}

@Article{RederEtAl2013,
  author  = {Reder, Fanny and Marec-Breton, Nathalie and Gombert, Jean-Emile and Demont, Elisabeth},
  title   = {Second‐language learners’ advantage in metalinguistic awareness: {A} question of languages’ characteristics},
  journal = {British Journal of Educational Psychology},
  year    = {2013},
  volume  = {83},
  number  = {4},
  pages   = {686--702},
}


@article{PorterEtAl2020,
	author = {Porter, Alison and Myles, Florence and Tellier, Angela and Holmes, Bernardette},
	doi = {10.1075/ltyl.19013.por},
	journal = {Language Teaching for Young Learners},
	number = {2},
	pages = {213--239},
	title = {Supporting foreign languages in an {Anglophone} world: {Implementation} challenges in {{English}} primary schools},
	volume = {2},
	year = {2020}
}



@Article{PetersWebb2018,
  author  = {Peters, Elke and Webb, Stuart},
  title   = {Incidental vocabulary acquisition through watching a single episode of {L2} television},
  journal = {Studies in Second Language Acquisition},
  year    = {2018},
  volume  = {40},
  number  = {3},
  pages   = {551--577},
}

@Article{MurphyEtAl2015,
  author  = {Murphy, Victoria A. and Macaro, Ernesto and Cipolla, Claudia and Alba, Sonia},
  title   = {The influence of {L2} learning on first language literacy skills},
  journal = {Applied Psycholinguistics},
  year    = {2015},
  volume  = {36},
  number  = {5},
  pages   = {1133--1153},
  doi  = {10.1017/S0142716414000095},
}

@Article{McManusMarsden2017,
  author  = {McManus, Kevin and Marsden, Emma J.},
  title   = {L1 explicit instruction can improve {L2} online and offline performance},
  journal = {Studies in Second Language Acquisition},
  year    = {2017},
  volume  = {39},
  pages   = {459--492},
}

@Article{HeiningBoyntonHaitema2007,
  author   = {Heining‐Boynton, Audrey L. and Haitema, Thomas},
  title    = {A ten‐year chronicle of student attitudes toward foreign language in the elementary school},
  journal  = {The Modern Language Journal},
  year     = {2007},
  volume   = {91},
  pages    = {149--168},
  sortname = {Heining‐Boynton, Audrey L. and Haitema, Thomas},
}

@Article{CooperEtAl2008,
  author  = {Cooper, Thomas C. and Yanosky II, Daniel J. and Wisenbaker, Joseph M. and Jahner, David and Webb, Elizabeth and Wilbur, Marcia L.},
  title   = {Foreign language learning and {{SAT}} verbal scores revisited},
  journal = {Foreign Language Annals},
  year    = {2008},
  volume  = {41},
  pages   = {200--217},
}

@Article{CoelhoEtAl2018,
  author  = {Coelho, Daniela and Andrade, Ana Isabel and Portugal, Gabriela},
  title   = {The “Awakening to Languages” approach at preschool: {Developing} children's communicative competence},
  journal = {Language Awareness},
  year    = {2018},
  volume  = {27},
  number  = {3},
  pages   = {197--221},
}

@Article{Buckby1976,
  author  = {Buckby, Michael},
  title   = {Is primary {{French}} really in the balance?},
  journal = {The Modern Language Journal},
  year    = {1976},
  volume  = {607},
  pages   = {340--346},
}

@Article{BootonEtAlInpress,
  author   = {Booton, Sophie A. and Hoicka, Elena and O’Grady, Aneyn M. and Chan, Hiu Ying Nicole and Murphy, Victoria A.},
  journal  = {Thinking Skills and Creativity},
  year     = {2021},
  volume   = {41},
  issue    = {Article: 100918},
  doi      = {10.1016/j.tsc.2021.100918},
  sortname = {Booton, Sophie and Hoicka, Elena and O'Grady, Aneyn M. and Chan, Niu Ying Nicole and Murphy, Victoria A.},
	title = {Children's divergent thinking and bilingualism},
}

@Article{Bishop2020,
  author  = {Bishop, Dorothy V. M},
  title   = {The psychology of experimental psychologists: {Overcoming} cognitive constraints to improve research: {The} 47th {Sir} {Frederic} {Bartlett} {Lecture}},
  journal = {Quarterly Journal of Experimental Psychology},
  year    = {2020},
  volume  = {73},
  number  = {1},
  pages   = {1--19},
  doi     = {10.1177/1747021819886519},
}

@article{Adams2019,
  author  = {Adams, Richard},
  title   = {Brexit “putting pupils off modern foreign languages”},
  journal = {The Guardian},
  year    = {2019},
  issue   = {03/07/2019},
  url     = {https://www.theguardian.com/education/2019/jul/03/brexit-putting-pupils-off-modern-foreign-languages},
}

@Book{MacaroEtAl2015,
  title     = {Improving foreign language teaching: {Towards} a research-based curriculum and pedagogy},
  publisher = {Routledge},
  year      = {2015},
  author    = {Macaro, Ernesto and Suzanne Graham and Woore, Robert},
  address   = {London},
}

@Book{Laurillard2002,
  title     = {Rethinking University Teaching: {A} conversational framework for the effective use of learning technologies},
  publisher = {Routledge},
  year      = {2002},
  author    = {Laurillard, Diane},
  address   = {London},
  doi      = {10.4324/9781315012940},
	edition = {2}
}


@Article{MarsdenKasprowicz2017,
  author  = {Marsden, Emma and Kasprowicz, Rowena E.},
  title   = {Foreign language educators’ exposure to research: {Reported} experiences, exposure via citations and a proposal for action},
  journal = {The Modern Language Journal},
  year    = {2017},
  volume  = {101},
  number  = {4},
  pages   = {613--642},
}


@Article{GrahamEtAl2017,
  author  = {Graham, Suzanne and Louise Courtney and Theo Marinis and Tonkyn, Alan},
  title   = {Early language learning: {The} impact of teaching and teacher factors},
  journal = {Language Learning},
  year    = {2017},
  volume  = {67},
  number  = {4},
  pages   = {922--958},
}




@Article{CabarogluRoberts2000,
  author  = {Cabaroglu, Nesse and Roberts, Jon},
  title   = {Development in student teachers’ pre-existing beliefs during a 1-year {{PGCE}} programme},
  journal = {System},
  year    = {2000},
  volume  = {28},
  pages   = {387--402},
}

@Article{Berko1958,
  author  = {Berko, Jean},
  title   = {The  child's learning of {{English}} morphology},
  journal = {Word},
  year    = {1958},
  volume  = {14},
  pages   = {150--177},
  doi     = {10.1080/00437956.1958.11659661},
}

@Book{BurstallEtAl1974,
  title     = {Primary {{French}} in the Balance},
  publisher = {National Foundation for Educational Research in England and Wales},
  year      = {1974},
  author    = {Burstall, Clare and Jamieson, Monika and Cohen, Susan and Hargreaves, Margaret},
  address   = {Windsor},
}

@Book{Burstall1974,
  title     = {Primary {{French}} in the balance},
  publisher = {NFER Publications},
  year      = {1974},
  author    = {Burstall, Clare},
  address   = {Windsor},
}

@Article{Burstall1977,
  author  = {Burstall, Clare},
  title     = {Primary {{French}} in the Balance},
  journal = {Foreign Language Annals},
  year      = {1977},
  volume  = {10},
  pages   = {245--252},
  doi = {10.1111/j.1944-9720.1977.tb02979.x}
}

@article{MitchellMyles2019,
    doi     = {10.17011/apples/urn.201903011690},
	author = {Mitchell, Rosamond and Myles, Florence},
	journal = {Apples: Applied Language Studies},
	number = {1},
	pages = {69--93},
	title = {Learning {{French}} in the {{UK}} setting: {Policy}, {classroom} engagement and attainable learning outcomes},
	volume = {13},
	year = {2019}
}

@Article{FredricksEtAl2004,
  author  = {Fredricks, Jennifer A. and Blumenfeld, Phyllis C. and Paris, Alison H.},
  title   = {School engagement: {Potential} of the concept, state of the evidence},
  journal = {Review of Educational Research},
  year    = {2004},
  volume  = {74},
  number  = {1},
  pages   = {59--109},
}

@Article{CourtneyEtAl2017,
  author  = {Courtney, Louise and Suzanne Graham and Alan Tonkyn and Marinis, Theo},
  title   = {Individual differences in early language learning: {A} study of {{English}} learners of {{French}}},
  journal = {Applied Linguistics},
  year    = {2017},
  volume  = {38},
  number  = {6},
  pages   = {824--847},
}

@report{HolmesMyles2019,
  title     = {{Primary} Languages Policy in {England}: {The} way forward},
  intitution = {RiPL},
  year      = {2019},
  author    = {Holmes, Bernardette and Myles, Florence},
	type = {White paper},
  url       = {https://ripl.uk/wp-content/uploads/2020/03/RIPL-White-Paper-Primary-Languages-Policy-in-England-plus-BAAL-endorsement.pdf},
}

@book{GartonEtAl2011,
	author = {Garton, Susan and Fiona Copland and Anne Burns},
	series = {ELT Research Papers},
	address= {London},
	title = {Investigating global practices in teaching {English} to young learners},
	number = {11-01},
	year = {2011}
}

@incollection{Laurillard2007,
	address = {London},
	author = {Laurillard, Diane},
	booktitle = {Mobile Learning towards a Research Agenda},
	editor = {Pachler N.},
	publisher = {WLE Centre, Institute of Education},
	title = {Pedagogical forms for mobile learning},
	year = {2007}
}


@incollection{DeKeyser2003,
	address = {London},
	author = {DeKeyser, Robert},
	booktitle = {Handbook of Second Language Acquisition},
	editor = {Catherine J. Doughty and Michael H. Long},
	pages = {313--348},
	publisher = {Blackwell},
	title = {Implicit and explicit learning},
	year = {2003}
}




@incollection{FivesBuehl2012,
	address = {Washington, DC},
	author = {Fives, Helenrose and Michelle Buehl},
	booktitle = {{APA} Educational Psychology Handbook. {{I}}ndividual differences and cultural and contextual factors},
	editor = {Karen Harris and Steve Graham and Tim Urdan},
	pages = {471--499},
	publisher = {American Psychological Association},
	title = {Spring cleaning for the “messy” construct of teachers’ beliefs: {{W}}hat are they? {{W}}hich have been examined? {{W}}hat can they tell us?},
	volume = {2},
	year = {2012}
}

@book{ELLiE2011,
	address = {London},
	author = {Enever, Janet and Evelien Krikhaar and Eva Lindgren and Lucilla Lopriore and Gun Lundberg and Jelena Mihaljević Djigunović and Carmen Muñoz and Magdalena Szpotowicz and Elsa Tragant Mestres},
  publisher       = {The British Council},
  title        = {{{ELL}iE}: {Early} {Language} {Learning} in {{Europe}}},
  year         = {2011},
  editor = {Enever, Janet},
	url = {https://www.teachingenglish.org.uk/article/ellie-early-language-learning-europe}
}

@Book{MacWhinney2000,
  author    = {MacWhinney, Brian},
  publisher = {Lawrence Erlbaum},
  title     = {The {\textsc{childes}} Project: {Tools} for analyzing talk},
  year      = {2000},
  address   = {Mahwah, NJ},
	edition = {3},
}


@InCollection{Kormos2020,
	ids = {Kormos2019},
	author = {Kormos, Judit},
	year = {2020},
	title = {How does vocabulary fit into theories of second language learning?},
	editor = {Webb, Stuart},
	booktitle = {The {Routledge} Handbook of Vocabulary Studies},
	pages = {207--223},
	address = {New York},
	publisher = {Routledge},
}

@InCollection{Kormi-NouriNilsson2001,
	author = {Kormi-Nouri, Reza and Nilsson, Lars-Goran},
	year = {2001},
	title = {The motor component is not crucial!},
	editor = {Zimmer, Hubert D. and Cohen, Ronald L. and Guynn, Melissa J. and Engelkamp, Johannes and Kormi-Nouri, Reza and Foley, Mary Ann},
	booktitle = {Memory for Action: {A} distinct form of episodic memory?},
	pages = {136--143},
	address = {Oxford},
	publisher = {Oxford University Press},
	}

@InCollection{DavisEtAl2017,
	author = {Davis, Michelle. L and Sara M. Witcraft and Scarlett O. Baird and Jasper A.J. Smits},
	year = {2017},
	title = {Learning principles in {CBT}},
	editor = {Stefan G. Hofmann and Gordon J.G. Asmundson},
	booktitle = {The Science of Cognitive Behavioral Therapy},
	pages = {51--76},
	publisher = {Academic Press},
	doi = {10.1016/B978-0-12-803457-6.00003-9},
	address = {London},
	}

@book{BakerEversley2000,
	editor = {Baker, Philip and Eversley, John},
	year = {2000},
	title = {Multilingual Capital: {T}he Languages of {London}’s school children and their relevance to economic, social and educational policies},
	address = {London},
	publisher = {Battlebridge Publications},
}

@InCollection{MurphyPine2003,
	author = {Murphy, Victoria A.  and Pine, Karen J.},
	year = {2003},
	title = {Effects of {L2} learning on {L1} processing and representations in bilingual children},
	editor = {Vivian Cook},
	booktitle = {Effects of the Second Language on the First},
	publisher = {Multilingual Matters},
	address = {Clevedon},
	}

@InCollection{Murphy2018,
	author = {Murphy, Victoria A.},
	year = {2018},
	title = {Literacy development in linguistically diverse pupils},
	editor = {D. Miller and Fatih Bayram and Jason Rothman and Ludovica Serratrice},
	booktitle = {Bilingual Cognition and Language: {T}he state of the science across its subfields},
	series = {Studies in Bilingualism},
	number = {54},
	address = {Amsterdam},
	publisher = {John Benjamins},
	}

@book{Harris2016,
	author = {Harris, Anne},
	year = {2016},
	title = {Creativity and Edcuation},
	address = {London},
	publisher = {Palgrave MacMillan},
}

@InCollection{Grice1975,
	author = {Grice, H. P.},
	year = {1975},
	title = {Logic and conversation},
	editor = {P. Cole and J.L. Morgan},
	booktitle = {Speech Acts},
	series = {Syntax and Semantics},
	number = {3},
 	pages = {41--58},
	address = {New York},
	publisher = {Academic Press},
}

@book{MurphyUnthiah2015,
	author = {Murphy, Victoria A. and Unthiah, Adam},
	year = {2015},
	title = {A systematic review of intervention research examining {English} language and literacy development in children with {English} as an {Additional} {Language} ({EAL})},
	address = {London},
	publisher = {Education Endowment Foundation},
}

@book{MacWhinney1991,
	author = {MacWhinney, Brian},
	year = {1991},
	title = {The \textsc{childes} project: {Tools} for analyzing talk},
	address = {Hillsdale, NJ},
	publisher = {Lawrence Erlbaum},
}


@article{alexiadou_parameterizing_1998,
	title = {Parameterizing {AGR}: {Word} {Order}, {V}-{Movement} and {EPP}-{Checking}},
	volume = {16},
	journal = {Natural Language and Linguistic Theory},
	author = {Alexiadou, Artemis and Anagnostopoulou, Elena},
	year = {1998},
	pages = {491--539},
}

@misc{barbosa_null_1995,
	title = {Null Subjects},
	copyright = {Massachusetts Institute of Technology},
	publisher = {PhD dissertation},
	author = {Barbosa, Pilar},
	year = {1995},
	annote = {PhD dissertation. Massachusetts Institute of Technology.},
}

@article{barbosa_two_2009,
	title = {Two kinds of subject \textit{pro}},
	volume = {63},
	journal = {Studia Linguistica},
	author = {Barbosa, Pilar},
	year = {2009},
	pages = {2--58},
}

@article{belletti_theoretical_2007,
	title = {Theoretical and developmental issues in the syntax of subjects: {Evidence} from near-native {Italian}},
	volume = {25},
	number = {4},
	journal = {Natural Language and Linguistic Theory},
	author = {Belletti, Adriana and Bennati, Elisa and Sorace, Antonella},
	year = {2007},
	pages = {657--689},
}

@book{blackwell_implicatures_2003,
	address = {Amsterdam},
	title = {Implicatures in Discourse: {The} case of {Spanish} {NP} anaphora},
	publisher = {John Benjamins},
	author = {Blackwell, Sarah E.},
	year = {2003},
}

@article{cho_interpreting_2014,
	title = {Interpreting definiteness in a second language without articles: {The} case of {L2} {Russian}},
	volume = {30},
	number = {2},
	journal = {Second Language Research},
	author = {Cho, Jacee,  and Slabakova, Roumyana},
	year = {2014},
	pages = {159--190},
}

@book{chomsky_lectures_1981,
	address = {Dordrecht},
	title = {Lectures on Government and Binding},
	publisher = {Foris},
	author = {Chomsky, Noam},
	year = {1981},
}

@book{chomsky_minimalist_1995,
	address = {Cambridge, Mass.},
	title = {The {Minimalist} {Program}},
	publisher = {MIT Press},
	author = {Chomsky, Noam},
	year = {1995},
}

@article{clements_reexamining_2017,
	title = {Reexamining the acquisition of null subject pronouns in a second language: {Focus} on referential and pragmatic constraints},
	volume = {7},
	number = {1},
	journal = {Linguistic Approaches to Bilingualism},
	author = {Clements, Maria,  and Domínguez, Laura},
	year = {2017},
	pages = {33--62},
}

@article{dippold_face_2006,
	title = {Face in {L2} argumentative discourse: {Psycholinguistic} constraints on the construction of identity},
	volume = {21},
	number = {10},
	journal = {Language, Culture and Identity in Applied Linguistics},
	author = {Dippold, Doris},
	year = {2006},
	pages = {163--180},
}

@article{dominguez_mixed_2019,
	title = {A ‘mixed methods’ approach for investigating {Aspect} in a second language: {Evidence} from the {SPLLOC} project},
	volume = {8},
	number = {1},
	journal = {Dutch Journal of Applied Linguistics},
	author = {Domínguez, Laura},
	year = {2019},
	pages = {41--66},
}

@book{dominguez_understanding_2013,
	address = {Amsterdam},
	title = {Understanding {Interfaces}: {Second} language acquisition and first language attrition of {Spanish} subject realization and word order variation},
	publisher = {John Benjamins Publishing},
	author = {Domínguez, Laura},
	year = {2013},
}

@article{dominguez_subject_2014,
	title = {Subject inversion in non-native {Spanish}},
	volume = {145},
	journal = {Lingua},
	author = {Domínguez, Laura,  and Arche, María J.},
	year = {2014},
	pages = {243--265},
}

@article{dominguez_role_2013,
	title = {The role of dynamic contrasts in the {L2} acquisition of {Spanish} past tense morphology},
	volume = {16},
	number = {3},
	journal = {Bilingualism: Language and Cognition},
	author = {Domínguez, Laura and Tracy-Ventura, Nicole and Arche, Maria J. and Mitchell, Rosamond and Myles, Florence},
	year = {2013},
	pages = {558--577},
}

@article{fernandez_soriano_strong_1989,
	title = {Strong pronouns in null subject languages and the {Avoid} {Pronoun} {Principle}},
	volume = {11},
	journal = {MIT Working Papers in Linguistics},
	author = {Fernández Soriano, Olga},
	year = {1989},
	pages = {228--240},
}

@article{forsythe_after_2021,
	title = {After the null subject parameter: {Acquisition} of the null-overt contrast in {Spanish}},
	journal = {Language Learning and Development},
	author = {Forsythe, Hannah,  and Greeson, Daniel and Schmitt, Cristina},
	year = {2021},
	pages = {1--30},
	annote = {Language Learning and Development, 1-30.},
}

@article{grinstead_subjects_2004,
	title = {Subjects and interface delay in child {Spanish} and {Catalan}},
	volume = {80},
	journal = {Language},
	author = {Grinstead, John},
	year = {2004},
	pages = {40--72},
}

@article{hertel_lexical_2003,
	title = {Lexical and discourse factors in the second language acquisition of {Spanish} word order},
	volume = {19},
	number = {4},
	journal = {Second Language Research},
	author = {Hertel, Tammy J.},
	year = {2003},
	pages = {273--304},
}

@article{holmberg_is_2005,
	title = {Is there a little \textit{pro}? {Evidence} from {Finnish}},
	volume = {36},
	journal = {Linguistic Inquiry},
	author = {Holmberg, Anders},
	year = {2005},
	pages = {533--564},
}

@article{hwang_plural-marking_2013,
	title = {Plural-marking in {L2} {Korean}: {A} feature-based approach},
	volume = {29},
	number = {1},
	journal = {Second Language Research},
	author = {Hwang, Sun Hee and Lardiere, Donna},
	year = {2013},
	pages = {57--86},
}

@book{jaeggli_topics_1982,
	address = {Dordrecht},
	title = {Topics in {Romance} {Syntax}},
	publisher = {Foris},
	author = {Jaeggli, Osvaldo A.},
	year = {1982},
}

@incollection{jaeggli_null_1989,
	address = {Dordrecht},
	title = {The null subject parameter and parametric theory},
	booktitle = {{The} Null Subject Parameter},
	publisher = {Springer},
	author = {Jaeggli, Osvaldo A. and Safir, Ken J.},
	year = {1989},
	pages = {1--44},
	annote = {The null subject parameter Springer. Dordrecht, pp. 1-44.},
}

@article{lardiere_thoughts_2009,
	title = {Some thoughts on a contrastive analysis of features in second language acquisition},
	volume = {25},
	number = {2},
	journal = {Second Language Research},
	author = {Lardiere, Donna},
	year = {2009},
	pages = {173--227},
}

@inproceedings{liceras_distribution_2010,
	address = {Somerville, MA},
	title = {The distribution of null subjects in non-native grammars: {Syntactic} markedness and interface vulnerability},
	publisher = {Cascadilla Proceedings Project},
	author = {Liceras, Juana and Alba de la Fuente, Anahi and Martínez Sanz, Christina},
	year = {2010},
	pages = {84--95},
	annote = {84–95.},
}

@article{liceras_topic-drop_1999,
	title = {Topic-drop versus pro-drop: {Null} subjects and pronominal subjects in the {Spanish} {L2} of {Chinese}, {English}, {French}, {German}, {Japanese} and {Korean} speakers},
	volume = {15},
	journal = {Second Language Research},
	author = {Liceras, Juana and Díaz, Lourdes},
	year = {1999},
	pages = {1--40},
}

@article{liceras_l1_1999,
	title = {L1 and {L2} developing {Spanish} grammars and the ‘pragmatic deficit hypohtesis’},
	volume = {15},
	number = {2},
	journal = {Second Language Research},
	author = {Liceras, Juana and Valenzuela, Elena and Díaz, Lourdes},
	year = {1999},
	pages = {161--190},
}

@article{lozano_interpretation_2002,
	title = {The interpretation of overt and null pronouns in non-native {Spanish}},
	volume = {8},
	journal = {Durham Working Papers in Linguistics},
	author = {Lozano, Cristóbal},
	year = {2002},
	pages = {53--66},
}

@inproceedings{lubbers_quesada_l2_2009,
	address = {Somerville, MA},
	title = {The {L2} acquisition of null and overt {Spanish} subject pronouns: {A} pragmatic approach},
	booktitle = {Selected proceedings of the 11th {Hispanic} {Linguistics} {Symposium}},
	publisher = {Cascadilla Proceedings Project, pp},
	author = {Lubbers Quesada, Margaret and Blackwell, Sarah E.},
	year = {2009},
	annote = {117–130.},
}

@article{lujan_binding_1985,
	title = {Binding properties of overt pronouns in null pronominal languages},
	volume = {21},
	journal = {CLS},
	author = {Luján, Marta},
	year = {1985},
	pages = {123--143},
}

@article{lujan_stress_1986,
	title = {Stress and binding of {Pronouns}},
	volume = {22},
	journal = {CLS},
	author = {Luján, Marta},
	year = {1986},
	pages = {69--84},
}

@book{macwhinney_childes_1991,
	address = {Hillsdale, NJ},
	title = {The \textsc{childes} project: {Tools} for analyzing talk},
	publisher = {Lawrence Erlbaum Associates},
	author = {MacWhinney, Brian},
	year = {1991},
}

@article{montrul_subject_2004,
	title = {Subject and object expression in {Spanish} heritage speakers: {A} case of morphosyntactic convergence},
	volume = {7},
	journal = {Bilingualism: Language and Cognition},
	author = {Montrul, Silvina},
	year = {2004},
	pages = {125--42},
}

@article{mitchell_splloc_2008,
	title = {{SPLLOC}: {A} new database for {Spanish} second language acquisition research},
	volume = {8},
	number = {1},
	journal = {EuroSLA Yearbook},
	author = {Mitchell, Rosamond and Domínguez, Laura and Arche, María J. and Myles, Florence and Marsden, Emma},
	year = {2008},
	pages = {287--304},
}

@article{myles_interlanguage_2005,
	title = {Interlanguage corpora and second language acquisition research},
	volume = {21},
	number = {4},
	journal = {Second Language Research},
	author = {Myles, Florence},
	year = {2005},
	pages = {373--391},
}

@incollection{myles_second_2015,
	title = {Second language acquisition theory and learner corpus research},
	booktitle = {{The} {Cambridge} {Handbook} of {Learner} {Corpus} {Research}},
	publisher = {Cambridge University Press},
	author = {Myles, Florence},
	year = {2015},
	pages = {309--332},
	annote = {The Cambridge Handbook of Learner Corpus Research. Cambridge University Press, pp. 309- 332.},
}

@article{myles_using_2004,
	title = {Using information technology to support empirical {SLA} research},
	volume = {1},
	number = {2},
	journal = {Journal of Applied Linguistics},
	author = {Myles, Florence and Mitchell, Rosamond},
	year = {2004},
	pages = {169--196},
}

@article{ordonez_post_1998,
	title = {Post verbal asymmetries in {Spanish}},
	volume = {16},
	journal = {Natural Language and Linguistic Theory},
	author = {Ordóñez, Francisco},
	year = {1998},
	pages = {313--346},
}

@article{papp_stable_2000,
	title = {Stable and developmental optionality in native and non-native {Hungarian} grammars},
	volume = {16},
	number = {2},
	journal = {Second Language Research},
	author = {Papp, Silvia},
	year = {2000},
	pages = {173--200},
}

@article{perez-leroux_null_1999,
	title = {Null anaphora in {Spanish} second language acquisition: {Probabilistic} versus generative approaches},
	volume = {15},
	journal = {Second Language Research},
	author = {Pérez-Leroux, Ana T.,  and Glass, William R.},
	year = {1999},
	pages = {220--249},
}

@article{pladevall_ballester_adult_2013,
	title = {Adult {L2} {Spanish} development of syntactic and discourse subject properties in an instructional setting},
	volume = {12},
	journal = {RAEL: revista electrónica de lingüística aplicada},
	author = {Pladevall Ballester, Elisabet},
	year = {2013},
	pages = {111--129},
}

@incollection{ramchand_mapping_2008,
	address = {Amsterdam},
	title = {Mapping a parochial lexicon onto a universal semantics},
	booktitle = {In {T}. {Biberauer} (ed.,) {Limits} of syntactic variation. {Amsterdam}},
	publisher = {John Benjamins},
	author = {Ramchand, Gillian and Svenonius, Peter},
	year = {2008},
	pages = {219--245},
	annote = {219–45.},
}

@book{rizzi_issues_1982,
	address = {Dordrecht},
	title = {Issues in {Italian} {Syntax}},
	publisher = {Foris},
	author = {Rizzi, Luigi},
	year = {1982},
}

@article{rizzi_null_1986,
	title = {Null objects in {Italian} and the theory of \textit{pro}},
	volume = {17},
	journal = {Linguistic Inquiry},
	author = {Rizzi, Luigi},
	year = {1986},
	pages = {501--557},
}


@book{silva-corvalan_sociolinguistica_2001,
	address = {Washington, DC},
	title = {Sociolingüística y pragmática del español},
	publisher = {Georgetown University Press},
	author = {Silva-Corvalán, Carmen},
	year = {2001},
}

@article{slabakova_features_2009,
	title = {Features or parameters: which one makes second language acquisition easier, and more interesting to study?},
	volume = {25},
	number = {2},
	journal = {Second Language Research},
	author = {Slabakova, Roumyana},
	year = {2009},
	pages = {313--324},
}

@article{sorace_gradients_2000,
	title = {Gradients in auxiliary selection with intransitive verbs},
	volume = {76},
	number = {4},
	journal = {Language},
	author = {Sorace, Antonella},
	year = {2000},
	pages = {859--890},
}

@article{sorace_native_2004,
	title = {Native language attrition and developmental instability at the syntax-discourse interface: {Data}, interpretations and methods},
	volume = {7},
	journal = {Bilingualism: Language and Cognition},
	author = {Sorace, Antonella},
	year = {2004},
	pages = {143--145},
}

@article{sorace_pinning_2011,
	title = {Pinning down the concept of “interface” in bilingualism},
	volume = {1},
	number = {1},
	journal = {Linguistic Approaches to Bilingualism},
	author = {Sorace, Antonella},
	year = {2011},
	pages = {1--33},
}

@article{sorace_anaphora_2006,
	title = {Anaphora resolution in near-native speakers of {Italian}},
	volume = {22},
	number = {3},
	journal = {Second Language Research},
	author = {Sorace, Antonella and Filiaci, Francesca},
	year = {2006},
	pages = {339--368},
}

@article{tracy-ventura_importance_2015,
	title = {The importance of task variability in the design of learner corpora for {SLA} research},
	volume = {1},
	number = {1},
	journal = {International Journal of Learner Corpus Research},
	author = {Tracy-Ventura, Nicole and Myles, Florence},
	year = {2015},
	pages = {58--95},
}

@inproceedings{villa-garcia_role_2013,
	title = {On the role of children’s deterministic learning in the “no-overt-subject” stage in the {L1} acquisition of {Spanish}},
	volume = {37},
	booktitle = {Proceedings of the {Annual} {Meeting} of the {Berkeley} {Linguistics} {Society}},
	author = {Villa-García, Julio},
	year = {2013},
	pages = {1},
	annote = {In Proceedings of the Annual Meeting of the Berkeley Linguistics Society, Vol. 37, No. 1.},
}

@book{white_universal_1989,
	address = {John Benjamins},
	title = {Universal {Grammar} and {Second} {Language} {Acquisition}},
	publisher = {Philadelphia},
	author = {White, Lydia},
	year = {1989},
}

@book{zubizarreta_word_1998,
	address = {Cambridge, Mass.},
	title = {Word {Order}, {Prosody} and {Focus}},
	publisher = {MIT Press},
	author = {Zubizarreta, María Luisa},
	year = {1998},
}

@incollection{alonso-ovalle_full_2001,
	address = {Somerville, MA},
	title = {Full and null pronouns in {Spanish}: {The} zero pronoun hypothesis},
	booktitle = {H. {Campos} \& {E}. {Herburger} \& {A}. {Morales}-{Front} \& {T}. {Walsh} (eds.), {Hispanic} Linguistics at the Turn of the Millennium},
	publisher = {Cascadilla Press},
	author = {Alonso-Ovalle, Luis and D’Introno, Francesco},
	year = {2001},
	pages = {189--210},
}

@incollection{villa-garciaa_properties_2018,
	title = {Properties of the extended verb phrase: {Agreement}, the structure of {INFL}, and subjects in {Spanish}},
	booktitle = {K. {Geeslin}, (ed.), {The} {Cambridge} {Handbook} of {Hispanic} {Linguistics}, {Cambridge}},
	publisher = {Cambridge University Press},
	author = {Villa-Garcíaa, Julio},
	year = {2018},
	pages = {329--350},
}

@incollection{tsimpli_differentiating_2006,
	address = {Somerville, MA},
	title = {Differentiating interfaces: {L2} performance in syntax-semantics and syntax-discourse phenomena},
	booktitle = {D. {Bamman}, {T}. {Magnitskaia}, \& {C}. {Zaller} (eds.), {Proceedings} of the 30th {Annual} {Boston} {University} {Conference} on {Language} {Development}},
	publisher = {Cascadilla Press},
	author = {Tsimpli, Lanthi and Sorace, Antonella},
	year = {2006},
}

@incollection{terrego_syntax_2015,
	address = {Bilbao},
	title = {The syntax of φ-features: {Agreement} with plural {DPs} in {Basque} and {Spanish}},
	booktitle = {B. {Fernández} \& {P}. {Salaburu}, (eds.), {Ibon} {Sarasola}, {Gorazarre}. {Homenatge}, {Homenaje}.},
	publisher = {UPV/EHU},
	author = {Terrego, Esther and Laka, Itziar},
	year = {2015},
	pages = {633--646},
}

@article{sorace_pinning_2011-1,
	title = {Pinning down the concept of “interface” in bilingualism},
	volume = {1},
	number = {1},
	journal = {Linguistic Approaches to Bilingualism},
	author = {Sorace, Antonella},
	year = {2011},
	pages = {1--33},
}

@article{sorace_native_2004-1,
	title = {Native language attrition and developmental instability at the syntax-discourse interface: data, interpretations and methods.},
	volume = {7},
	journal = {Bilingualism: Language and Cognition},
	author = {Sorace, Antonella},
	year = {2004},
	pages = {143--145},
}

@article{sorace_gradients_2000-1,
	title = {Gradients in auxiliary selection with intransitive verbs},
	volume = {76},
	number = {4},
	journal = {Language},
	author = {Sorace, Antonella},
	year = {2000},
	pages = {859--890},
}

@article{noauthor_notitle_nodate,
}

@incollection{sheehan_subjects_2016,
	address = {Berlin},
	title = {Subjects, null subjects and expletives in {Romance}},
	booktitle = {In {S}. {Fischer} \& {S}. {Gabriel}, (eds.), {Manuals} of {Romance} Linguistics ({MRL}): {Grammatical} interfaces.},
	publisher = {De Gruyter},
	author = {Sheehan, Michelle},
	year = {2016},
	pages = {329--362},
}

@incollection{roberts_deletion_2010,
	address = {Cambridge},
	title = {A deletion analysis of null subjects},
	booktitle = {T. {Biberauer}, {A}. {Holmberg}, {I}. {Roberts} and {M}. {Sheehan} (eds.), {Parametric} {Variation}: {Null} {Subjects} in {Minimalist} {Theory}},
	publisher = {CUP},
	author = {Roberts, Ian},
	year = {2010},
	pages = {58--87},
}

@incollection{phinney_pro-drop_1987,
	address = {Dordrecht},
	title = {The pro-drop parameter in second language acquisition},
	booktitle = {T. {Roeper} \& {E}. {Williams} (eds.) {Parameter} Setting},
	publisher = {Reidel},
	author = {Phinney, Marianne},
	year = {1987},
	pages = {221--238},
}

@incollection{myles_using_2007,
	title = {Using electronic corpora in {SLA} research},
	booktitle = {D. {Ayoun} (ed.), {French} {Applied} {Linguistics}},
	author = {Myles, Florence},
	year = {2007},
	pages = {377--400},
}

@incollection{montrul_beyond_2006,
	address = {Amsterdam},
	title = {Beyond the syntax of the null subject parameter},
	booktitle = {T. {Torrens}, {L}. {Escobar} (eds.) {The} Acquisition of Syntax in {Romance} Languages},
	publisher = {John Benjamins},
	author = {Montrul, Silvina and Rodríguez-Louro, Celeste},
	year = {2006},
	pages = {401--418},
}

@incollection{lozano_development_2006,
	address = {Amsterdam},
	title = {The development of the syntax-information structure interface: {Greek} learners of {Spanish}},
	booktitle = {V. {Torrens}, \& {L}. {Escobar} (eds.). {The} Acquisition of Syntax in {Romance} Languages},
	publisher = {John Benjamins},
	author = {Lozano, Cristóbal},
	year = {2006},
	pages = {371--399},
}

@incollection{liceras_properties_1989,
	address = {Cambridge},
	title = {On some properties of the “pro-drop” parameter: {Looking} for missing subjects in non-native {Spanish}},
	booktitle = {S. {M}. {Gass} and {J}. {Schachter} (eds.) {Linguistic} {Perspectives} on {Second} {Language} {Acquisition}},
	publisher = {Cambridge University Press},
	author = {Liceras, Juana},
	year = {1989},
	pages = {109--133},
}

@incollection{liceras_syntax_1988,
	address = {Dordrecht},
	title = {Syntax and stylistics: more on the pro-drop parameter},
	booktitle = {J. {Pankhurst}, {M}. {Sharwood} {Smith}, \& {P}. {Van} {Buren} (eds.), {Learnability} and Second Languages: a book of readings},
	publisher = {Foris},
	author = {Liceras, Juana},
	year = {1988},
	pages = {71--93},
}

@incollection{goodall_epp_2001,
	address = {Dordrecht},
	title = {The {EPP} in {Spanish}},
	booktitle = {W. {Davies} and {S}. {Dubinsky} (eds.), {Objects} and Other Subjects},
	publisher = {Kluwer},
	author = {Goodall, Grant},
	year = {2001},
	pages = {193--223},
}

@incollection{etxepara_negation_2008,
	address = {Donostia},
	title = {On negation and focus in {Spanish} and {Basque}},
	editor = {X. {Artiagoitia} {Beaskoetxea} and {J}. {Lakarra} {Andrinua}},
	booktitle =  {Gramatika jaietan: {Patxi} Goenagaren omenez},
	publisher = {Supplements of ASJU},
	author = {Etxepara, Ricardo and Uribe-Etxebarria, Miriam},
	year = {2008},
	pages = {287--310},
}

@incollection{dominguez_optionality_2008,
	address = {Somerville, MA},
	title = {Optionality in {L2} grammars: the acquisition of {SV}/{VS} contrast in {Spanish}},
	booktitle = {H. {Chan}, {H}. {Jacob}, \& {E}. {Kapia} (eds.), {Proceedings} of the 32nd {Annual} {Boston} {University} {Conference} on {Language} {Development}},
	publisher = {Cascadilla Press},
	author = {Domínguez, Laura,  and Arche, Maria J.},
	year = {2008},
}

@book{dominguez_understanding_2013-1,
	address = {Amsterdam},
	title = {Understanding {Interfaces}: {Second} language acquisition and first language attrition of {Spanish} subject realization and word order variation},
	publisher = {John Benjamins Publishing},
	author = {Domínguez, Laura, },
	year = {2013},
}

@article{dominguez_mixed_2019-1,
	title = {A ‘mixed methods’ approach for investigating {Aspect} in a second language: evidence from the {SPLLOC} project},
	volume = {8},
	number = {1},
	journal = {Dutch Journal of Applied Linguistics},
	author = {Domínguez, Laura, },
	year = {2019},
	pages = {41--66},
}

@incollection{diaz_formulacion_1990,
	address = {Barcelona},
	title = {Formulación de parámetros y adquisición de lenguas extranjeras},
	booktitle = {C. {Martín} {Vide} (ed.), {Proceedings} of the {V} {Congress} on {Natural} and {Formal} {Languages}. {Universidad} de {Barcelona}},
	author = {Díaz, Lourdes and Liceras, Juana},
	year = {1990},
	pages = {465--480},
}

@incollection{chomsky_minimalist_1981,
	address = {Cambridge, Mass.},
	title = {Minimalist inquiries: the framework},
	booktitle = {R. {Marti} \& {D}. {Michaels} \& {J}. {Uriagereka}  (eds)., {Step} by {Step}: {Essays} on minimalism in honor of {Howard} {Lasnik}},
	publisher = {MIT Press},
	author = {Chomsky, Noam},
	year = {1981},
	pages = {89--155},
}

@incollection{bini_adquisicion_1993,
	address = {Ottawa},
	title = {La adquisición del italiano: {Más} allá de las propiedades sintácticas del parámetro pro-drop},
	booktitle = {J.{M} {Liceras} (ed.), {La} lingüística y el análisis de los sistemas no nativos},
	publisher = {Dovehouse},
	author = {Bini, Milena},
	year = {1993},
	pages = {126--139},
}

@incollection{almoguera_parametro_1993,
	address = {Ottawa},
	title = {El parámetro pro-drop en el español no nativo},
	booktitle = {J.{M}. {Liceras} (ed.), {La} lingüística y el análisis de los sistemas no nativos},
	publisher = {Dovehouse},
	author = {Almoguera, Rosa and Lagunas, Conchita},
	year = {1993},
	pages = {140--149},
}

@incollection{al-kasey_second_1998,
	address = {Mahwah},
	title = {Second language acquisition of {Spanish} null subject},
	booktitle = {Second Language Acquisition of {Spanish} Null Subjects},
	publisher = {Lawrence Erlbaum Associates},
	author = {Al-Kasey, Tamara and Pérez-Leroux, Ana T.},
	year = {1998},
	pages = {161--185},
}


@article{Byram2021,
	author = {Byram, Michael},
	year = {2021},
	title = {{Stanley Leathes} and his influence on “{The Leathes Report}”},
	journal = {Language \& History},
	volume = {64},
	number = {2},
	pages = {113--128},
}

@article{Byram2014,
	author = {Byram, Michael},
	year = {2014},
	title = {Twenty-five years on: {From} cultural studies to intercultural citizenship},
	journal = {Language, Culture and Curriculum},
	volume = {27},
	number = {3},
	pages = {209--225},
}

@book{Clark1998,
	editor = {Clark, Margaret M. and Munn, Pamela},
	year = {1997},
	title = {Education in {Scotland}: {Policy} and practice from pre-school to secondary},
	address = {London},
	publisher = {Routledge},
}

@report{HMI1987,
	author = {{Department of Education and Science}},
	shortauthor = {{DES}},
	year = {1987},
	title = {Modern foreign languages to 16},
	type = {HMI Series: Curriculum Matters No. 8},
	url = {http://www.educationengland.org.uk/documents/hmi-curricmatters/modforlang.html},
}

@report{DES1991,
	author = {{Department of Education and Science} and {The Welsh Office}},
	shortauthor = {{DES} and {The Welsh Office}},
	title = {Modern Foreign Languages in the National Curricululm},
	year = {1991},
	institution = {HMSO},
}

@book{Burstall1968,
	author = {Burstall, Clare},
	year = {1968},
	title = {French from Eight: {A} National Experiment},
	publisher = {National Foundation for Educational Research},
	address = {Slough, Bucks},
}

@book{Burstall1970,
	author = {Burstall, Clare},
	year = {1970},
	title = {French in the Primary School: {A}ttitudes and Achievement},
	publisher = {National Foundation for Educational Research},
	address = {Slough, Bucks},
}

@article{Ellis2006,
	author = {Ellis, Nick C.},
	year = {2006},
	title = {Selective attention and transfer phenomena in {L2} acquisition: {C}ontingency, cue competition, salience, interference, overshadowing, blocking, and perceptual learning},
	journal = {Applied Linguistics},
	volume = {27},
	number = {2},
	pages = {164--194},
}

@article{Perfetti2007,
	author = {Perfetti, Charles A.},
	year = {2007},
	title = {Reading ability: {L}exical quality to comprehension},
	journal = {Scientific Studies of Reading},
	volume = {11},
	number = {4},
	pages = {357--383},
}

@incollection{DörnyeiSkehan2003,
	author = {Dörnyei, Zoltán and Skehan, Peter},
	year = {2003},
	title = {Individual differences in second language learning},
	editor = {Catherine J. Doughty and Michael H. Long},
	booktitle = {The Handbook of Second Language Acquisition},
	pages = {589--630},
	address = {Oxford},
	publisher = {Blackwell},
}

@report{TinsleyBoard2017,
	author = {Tinsley, Teresa and Board, Kathryn},
	year = {2017},
	title = {Language Trends 2016/17: {Language} treaching in primary and secondary schools in {England}},
	address = {London},
	institution = {British Council},
	type = {Survey report},
	url = {https://www.britishcouncil.org/education/schools/support-for-languages/thought-leadership/research-report/language-trends-2016-17},
}

@article{XuZammit2020,
	author = {Xu, Wen and Zammit, Katina},
	year = {2020},
	title = {Applying thematic analysis to education: {A} hybrid approach to interpreting data in practitioner research},
	journal = {International Journal of Qualitative Methods},
	volume = {19},
	doi = {10.1177/1609406920918810},
}

@incollection{Tellier2013,
	author = {Tellier, Angela},
	year = {2013},
	title = {Developing a measure of metalinguistic awareness for children aged 8--11},
	editor = {Karen Roehr-Brackin and Gabriela Adela Gánem-Gutiérrez},
	booktitle = {The Metalinguistic Dimension in Instructed Second Language Learning},
	pages = {15--43},
	address = {London},
	publisher = {Bloomsbury},
}

@article{GunzenhauserEtAl2019,
	author = {Gunzenhauser, Catherine and Karbach, Julia and Saalbach, Henrik},
	year = {2019},
	title = {Function of verbal strategies in monolingual vs. bilingual students’ planning performance: {An} experimental approach},
	journal = {Cognitive Development},
	volume = {50},
	pages = {1--12},
	doi = {10.1016/j.cogdev.2019.01.003},
}

@article{Myles2004,
	author = {Myles, Florence},
	year = {2004},
	title = {From data to theory: {The} over‐representation of linguistic knowledge in {SLA}},
	journal = {Transactions of the Philological Society},
	volume = {102},
	number = {2},
	pages = {139--168},
}

@incollection{LaFondEtAl2001,
	author = {LaFond, Larry and Hayes, Rachel and Bhatt, Rakesh M.},
	year = {2001},
	title = {Constraint demotion and null-subjects in {Spanish L2} acquisition},
	editor = {Joaquim Camps and Caroline R. Wiltshire},
	booktitle = {Romance Syntax, Semantics and their {L2} Acquisition},
	address = {Amsterdam},
	publisher = {John Benjamins},
	pages = {121--135},
}

@incollection{Lozano2009,
	author = {Lozano, Cristóbal},
	year = {2009},
	title = {Selective deficits at the syntax},
	editor = {Neal Snape and Yan-kit Ingrid Leung and Michael Sharwood Smith },
	booktitle = {Representational Deficits in {SLA}: {Studies} in honor of {Roger Hawkins}},
	address = {Amsterdam},
	publisher = {John Benjamins},
	pages = {127--166},
}

@phdthesis{Grinstead1998,
	author = {Grinstead, John},
	year = {1998},
	title = {Subjects, Sentential Negation and Imperatives in Child {Spanish} and {Catalan}},
	school = {UCLA},
}

@incollection{Slabakova2013,
	author = {Slabakova, Roumyana},
	year = {2013},
	title = {What is easy and what is hard to acquire in a second language: {A} generative perspective},
	booktitle = {Contemporary approaches to second language acquisition},
	editor = {María del Pilar García Mayo and María Juncal Gutiérrez Mangado and María Martínez-Adrián},
	pages = {5--28},
	series = {AILA Applied Linguistics Series},
	number = {9},
	address = {Amsterdam},
	publisher = {John Benjamins},
	doi = {10.1075/aals.9.04ch1},
}


@article{Barcroft2002,
	author = {Barcroft, Joe},
	journal = {Language Learning},
	doi = {10.1111/0023-8333.00186},
	number = {2},
	pages = {323–363},
	title = {Semantic and structural elaboration in {L2} lexical acquisition},
	volume = {52},
	year = {2002}
}




@incollection{Barcroft2013,
    author = {Barcroft, Joe},
    year = {2013},
    title = {Input-based incremental vocabulary instruction for the {L2} classroom},
    editor = {John W. Schwieter},
    booktitle = {Innovative Research and Practices in Second Language Acquisition and Bilingualism},
    pages = {107--138},
    address = {New York},
    publisher = {John Benjamins},
}
